1832 3140
148 139 151 142 ’
200 141 337 183 xxviii
693 133 1204 183 INTRODUCTION.

284 433 619 476 EXTRACTS
662 432 839 474 FROM
880 430 1015 471 THE
1057 425 1433 471 SUETONIAN
1471 424 1616 466 LIFE

754 533 835 576 OF
877 530 1157 575 HORACE.

665 678 872 720 Maecenas’
899 677 1129 730 regardfor
1156 677 1246 716 him.

252 790 465 830 MAECENAS
488 796 723 842 quantopere
742 801 833 827 eum
855 787 1026 826 dilexerit
1046 786 1136 825 satis
1159 789 1396 823 monstratur
1423 781 1488 820 illo
1520 780 1712 830 epigram-

201 863 326 894 mate:

607 934 621 972 ‘v
629 931 675 962 Ni
697 934 730 962 te
751 929 927 962 visceribus
950 927 1032 959 meis
1059 926 1182 958 Horati

628 985 707 1017 Plus
729 985 795 1016 iam
817 983 929 1025 diligo,
952 987 988 1014 tu
1010 987 1104 1014 tuum
1131 980 1281 1013 sodalem

628 1039 750 1071 Ninnio
772 1039 882 1071 videas
905 1037 1128 1080 strigosiorem
1142 1047 1151 1076 ς
1165 1038 1173 1050 ’

199 1129 267 1168 sed
286 1130 405 1168 multo
424 1130 547 1180 magis
573 1130 751 1168 extremis
779 1107 1020 1166 iudiciis-tali
1047 1126 1098 1165 ad
1116 1125 1336 1175 Augustum
1362 1122 1518 1173 elogio:
1549 1107 1716 1159 ‘Horati

202 1195 339 1242 Flacci,
355 1203 396 1234 ut
415 1197 504 1242 mei,
525 1202 607 1234 esto
631 1194 803 1233 memor.'

342 1362 545 1412 Augustus’
575 1362 663 1412 (ζῇν
690 1366 723 1400 to
750 1361 827 1398 him
854 1345 977 1411 qfthe
995 1363 1082 1409 post
1098 1359 1156 1409 ff
1173 1358 1335 1397 Privata
1363 1356 1566 1406 Secretary.

253 1471 450 1520 Augustus
478 1471 724 1521 epistolarum
752 1482 908 1520 quoque
936 1469 972 1507 ei
1001 1469 1170 1508 officium
1199 1467 1346 1514 obtulit,
1366 1474 1407 1505 ut
1432 1467 1509 1506 hoc
1535 1466 1584 1505 ad
1605 1465 1716 1506 Mae-

205 1543 379 1574 cenatem
402 1538 544 1587 scripto
571 1537 758 1586 significat
774 1549 782 1574 :
814 1539 823 1556 ‘
838 1536 940 1573 Ante
960 1536 1043 1585 ipse
1063 1535 1300 1581 sufficiebam
1320 1533 1530 1572 scribendis
1549 1522 1722 1583 epistolis

202 1602 437 1641 amicorum:
467 1615 570 1642 nunc
599 1602 916 1652 occupatissimus
945 1608 983 1639 et
1011 1601 1183 1639 infirmus
1212 1600 1419 1638 Horatium
1447 1605 1623 1638 nostrum
1643 1611 1667 1637 a
1684 1606 1722 1637 te

201 1667 315 1717 cupio
344 1668 543 1706 abducere.
600 1668 740 1706 Veniet
776 1668 889 1717 igitur
922 1668 970 1706 ab
1007 1667 1080 1705 ista
1117 1666 1320 1717 parasitica
1355 1677 1492 1703 mensa
1528 1666 1580 1704 ad
1619 1665 1721 1704 hanc

202 1733 358 1782 regiam,
392 1740 429 1772 et
462 1746 534 1772 nos
567 1734 607 1771 in
645 1733 815 1783 epistolis
849 1732 1060 1772 scribendis
1093 1730 1308 1770 adiuvabit!
1365 1730 1425 1769 Ac
1453 1743 1502 1769 ne
1531 1731 1722 1770 recusanti

199 1798 354 1846 quidem
374 1805 438 1837 aut
458 1800 674 1838 succensuit
693 1800 900 1850 quicquam
919 1804 985 1837 aut
1005 1797 1212 1836 amicitiam
1233 1809 1344 1836 suam
1364 1797 1539 1847 ingerere
1559 1796 1682 1836 desiit.

484 1976 671 2015 Extracts
683 1977 794 2027 from
823 1977 943 2015 letters
970 1976 1019 2027 qf
1036 1975 1230 2027 Augustus
1257 1979 1292 2031 lq
1318 1976 1408 2014 him.

257 2076 266 2092 ‘
282 2073 399 2112 Sume
418 2074 485 2112 tibi
505 2075 646 2124 aliquid
665 2076 753 2115 iuris
772 2075 875 2126 apud
894 2088 958 2114 me
977 2082 1163 2125 tanquam
1184 2075 1215 2113 si
1235 2075 1434 2114 convictor
1452 2075 1548 2113 mihi
1578 2074 1693 2114 fueris
1710 2087 1720 2113 z

201 2145 303 2177 recte
333 2141 435 2178 emin
463 2147 500 2178 et
528 2153 609 2180 non
637 2148 780 2181 temere
807 2142 954 2189 feceris,
975 2142 1160 2192 quoniam
1178 2142 1219 2180 id
1237 2153 1331 2180 usus
1357 2141 1452 2179 mihi
1476 2147 1605 2180 tecum
1635 2153 1721 2180 esse

202 2204 303 2242 volui
323 2204 354 2242 si
374 2217 442 2255 per
460 2206 715 2244 valetudinem
735 2213 841 2245 tuam
861 2207 942 2245 fieri
962 2205 1111 2257 possit.'
1163 2193 1168 2196 ι

257 2271 266 2289 ‘
278 2268 355 2306 Tui
379 2270 530 2320 qualem
548 2271 713 2308 habeam
731 2273 960 2310 memoriam
979 2271 1123 2322 poteris
1143 2283 1190 2309 ex
1212 2270 1398 2321 Septimio
1411 2282 1568 2322 quoque
1586 2277 1722 2310 nostro

203 2332 351 2372 audire:
380 2347 470 2372 nam
489 2335 619 2374 incidit
637 2342 678 2374 ut
696 2336 760 2374 illo
781 2348 914 2374 coram
933 2337 1039 2374 fieret
1059 2349 1082 2375 a
1101 2348 1165 2374 me
1184 2337 1238 2374 tui
1258 2337 1405 2375 mentio
1424 2350 1432 2374 :
1461 2348 1591 2387 neque
1621 2337 1652 2375 si
1681 2343 1723 2375 tu

202 2399 387 2448 superbus
417 2400 622 2447 amicitiam
654 2407 825 2439 nostram
859 2401 1033 2451 sprevisti
1066 2400 1154 2439 ideo
1189 2413 1261 2440 nos
1295 2413 1452 2452 quoque
1480 2402 1719 2451 ἅνθυπερφρο-
1787 2412 1817 2417 ·

210 2464 353 2510 νοῦμεὶι.’

258 2528 434 2567 ‘Pertulit
470 2529 520 2567 ad
562 2542 625 2568 me
668 2531 874 2582 Dionysius
920 2531 1089 2570 libellum
1132 2538 1254 2579 tuum,
1292 2544 1411 2582 quem
1455 2544 1544 2582 ego,
1582 2538 1627 2570 ut
1655 2533 1719 2570 'ne

206 2605 384 2631 accusem
428 2596 662 2643 brevitatem,
701 2597 1061 2647 quantuluscunque
1107 2604 1175 2645 est,
1214 2598 1308 2636 boni
1355 2597 1531 2636 consulo.
1586 2596 1723 2635 Vereri

206 2658 334 2695 autem
353 2658 445 2696 mihi
472 2660 607 2698 videris
626 2673 676 2698 ne
695 2662 860 2700 maiores
887 2662 1001 2700 libelli
1029 2663 1083 2700 tui
1113 2663 1187 2701 sint
1215 2674 1333 2713 quam
1360 2662 1445 2712 ipse
1473 2673 1525 2700 es.
1585 2660 1664 2700 Sed
1692 2662 1725 2700 si

207 2727 348 2760 statura
379 2723 495 2770 deest,
526 2727 796 2775 corpusculum
823 2740 904 2766 non
934 2728 1052 2767 deest.
1108 2728 1246 2779 Itaque
1280 2727 1409 2766 licebit
1442 2727 1483 2765 in
1516 2727 1723 2766 sextariolo

208 2787 362 2833 scribas,
390 2794 432 2826 ut
458 2789 632 2828 circuitus
659 2791 861 2830 voluminis
888 2794 942 2830 tui
971 2793 1018 2831 sit
1045 2794 1300 2842 ὀγκωδέστατος
1327 2793 1425 2831 sicut
1448 2797 1507 2831 est
1525 2791 1725 2831 ventriculi

208 2850 284 2888 tui!
338 2850 409 2902 Cp.
430 2851 528 2891 Hor.
549 2853 648 2903 Epp.
673 2864 704 2893 1.
727 2867 760 2902 4.
788 2868 847 2903 14,
874 2869 904 2894 1.
929 2870 989 2895 20.
1015 2870 1076 2905 24.
