1896 3146
250 169 333 225 318

672 163 1180 216 INTRODUCTION‚
1212 163 1348 207 ETC.

476 280 620 331 Ῥέζειν
649 281 693 322 ἐν
723 279 855 334 Πεδίῳ
885 279 990 331 παρὰ
1020 278 1252 331 Θύμβριδος
1280 277 1454 320 ἄπλετον
1481 278 1600 332 ὕδωρ,

471 349 610 405 ι’Όππῃ
632 336 902 398 στεινότατον,
934 345 1026 398 Νὺξ
1051 347 1167 398 ἡνίκα
1195 349 1314 399 γαῖαν
1344 346 1504 404 ἐπέλθῃ,

476 417 640 459 Ἠελίου
670 417 893 470 κρύψαντος
923 415 990 456 ἑὸν
1019 413 1133 467 φάος·
1176 414 1271 456 ἔνθα
1300 415 1351 457 σὺ
1378 415 1508 468 ῥέζειν

473 485 577 538 Ἱερὰ
606 485 861 538 ποντογόιωις
893 484 1062 536 Μοίραις
1091 483 1212 536 ἄρνας
1241 500 1287 525 τε
1316 484 1381 526 καὶ
1412 484 1542 538 αἶγας.

475 553 647 598 Κυανέας
677 551 710 595 δ’
742 553 805 594 ἐπὶ
834 551 960 593 ταῖσδ’
993 552 1218 595 Εἰλειθυίας
1247 551 1471 605 ἀρέσασθαι

473 623 740 665 Παιδοτόκους
770 621 966 671 θυέεσσιν,
999 621 1075 677 ὅπῃ
1106 621 1228 673 θέμις.
1288 621 1387 663 Αὓθι
1417 623 1460 664 δὲ
1489 622 1586 678 Γαίῃ

474 690 714 746 Πληθομένῃ
743 690 877 744 χοῖρός
907 706 951 731 τε
982 689 1045 731 καὶ
1073 690 1119 733 ὗς
1149 691 1292 743 ἱεροΐτο
1321 690 1503 742 μέλαινα.

473 759 666 802 Ζάλευκοι
695 762 828 812 ταῦροι
858 759 902 799 δὲ
932 758 1031 801 Διὸς
1059 760 1165 811 παρὰ
1193 758 1333 811 βωμὸν
1363 759 1547 812 ἆγέσθων

464 828 627 881 Ἥματι,
656 827 742 880 μηδ’
775 828 840 870 ε’πὶ
869 828 989 869 νυκτί·
1034 830 1162 869 θεοῖσι
1190 829 1267 881 γὰρ
1295 827 1512 881 οὐρανίοισι

467 897 656 951 ‘Hp-&ptos
685 896 848 939 πέλεται
878 896 1002 938 θυέων
1031 897 1186 949 τρόπος·
1227 897 1280 940 ὣς
1309 895 1353 938 δὲ
1382 897 1446 938 καὶ
1476 894 1599 941 αὕτως

468 966 641 1020 Ἱρεύετν·
685 965 861 1019 δαμάλης
891 967 934 1007 δὲ
962 965 1063 1018 βοὸς
1092 965 1210 1018 δέμας
1239 965 1392 1020 ἀγλαὸν
1405 965 1536 1020 Ἥρης

472 1035 663 1087 Δεξάσθω
695 1034 787 1086 νηὸς
816 1036 921 1087 παρὰ
950 1038 1034 1078 σεῦ.
1097 1035 1174 1076 Καὶ
1204 1039 1360 1087 Φοῖβος
1387 1035 1614 1087 Ἀπόλλων,

463 1104 592 1147 Ὅστε
620 1105 683 1146 καὶ
710 1103 875 1147 Ἠέλιος
905 1103 1167 1155 κικλήσκεται,
1197 1103 1269 1145 ἶσα
1298 1103 1468 1159 δεδέχθω

470 1174 638 1225 Θύματα
666 1171 870 1224 Λητοΐδης·
914 1172 977 1214 καὶ
1007 1173 1228 1224 ἆειὸόμενοί
1254 1190 1299 1215 τε
1327 1176 1490 1216 Λατῖνοι

470 1245 643 1286 Παιᾶνες
674 1242 826 1295 κούροις
856 1241 1020 1296 κούρῃσί
1047 1257 1090 1283 τε
1120 1242 1215 1294 νηὸν
1244 1242 1378 1297 ἔχοιεν

468 1310 712 1373 ’ᾼθανάτων
753 1311 871 1364 χωρὶς
901 1313 944 1352 δὲ
975 1311 1086 1363 κόραι
1115 1310 1238 1365 χορὸν
1267 1311 1378 1353 αὐταὶ
1407 1310 1540 1366 ἔχοιεν

470 1379 548 1421 Καὶ
578 1380 696 1434 χωρὶς
725 1380 877 1421 παίδων
906 1379 1033 1431 ἄρσην
1063 1379 1224 1434 στάχυς,
1255 1380 1362 1422 ἀλλὰ
1391 1379 1548 1434 γονήων

471 1448 639 1490 Πάντων
671 1448 860 1499 ζωόντων,
894 1449 952 1492 οἷς
981 1449 1210 1501 ἀμφιθαλὴς
1235 1449 1297 1490 ’ἔτι
1326 1449 1470 1502 φύτλη.
1516 1444 1519 1445 ⁷

469 1519 521 1558 Αἱ
551 1514 748 1572 δὲᾟᾴμου
781 1518 986 1571 ζεύγλαισι
1017 1517 1248 1570 δεδμημέναι
1276 1517 1395 1570 ἤματι
1425 1518 1539 1574 κείνῳ
1569 1573 1574 1576 .

467 1586 572 1638 Γνὺξ
590 1574 720 1640 Ἥρης
748 1588 854 1639 παρὰ
881 1586 1023 1638 βωμὸν
1052 1588 1230 1639 ἀοίδιμον
1261 1588 1470 1639 ἑδριόωσαι

478 1658 658 1707 Δαίμονα
685 1655 984 1697 λισσέσθωσαν.
1037 1654 1196 1697 ‘'Amo-2
1225 1657 1268 1697 δὲ
1297 1657 1448 1707 λύματα
1479 1658 1614 1699 δοῦναι

463 1722 677 1776 Ἀνδράσιν
705 1725 773 1776 ἠδὲ
802 1723 970 1778 γυναιξί,
1002 1723 1178 1776 μάλιστα
1207 1726 1250 1766 δὲ
1281 1724 1530 1781 θηλυτέρῃσι.

466 1791 622 1836 Πάντες
652 1791 685 1834 δ’
717 1792 764 1844 ἐξ
790 1794 911 1835 οἴκοιο
941 1793 1163 1847 φερέσθων,
1195 1794 1303 1834 ὅσσα
1332 1793 1502 1844 κομίζειν

463 1861 582 1903 Ἐστὶ
612 1861 718 1914 θέμις
746 1865 949 1914 θνητοῖσιν
978 1861 1269 1916 ἆπαρχομένοις
1297 1862 1463 1914 βιότοιο,

467 1930 642 1982 Δαίμοσι
669 1932 925 1985 μειλιχίοισιν
956 1930 1157 1983 ἱλάσματα
1187 1930 1250 1972 καὶ
1278 1922 1525 1983 μακάρεσσιν
1587 1950 1590 1952 ·

467 1999 713 2051 Οὐρανίδαις·
754 2002 804 2041 τὰ
833 2000 876 2040 δὲ
906 1999 1036 2041 πάντα
1065 1998 1404 2053 τεθησαυρισμένα
1430 1999 1589 2050 κείσθω,

458 2065 597 2120 ’Όφρα
626 2084 669 2109 τε
699 2068 933 2125 θηλυτέρῃσι
963 2068 1024 2110 καὶ
1050 2067 1242 2120 ἀνδράσιν
1271 2069 1476 2120 ἑδριόωσιν

459 2134 607 2176 Ἔνθεν
637 2137 833 2193 πορσύνῃς
861 2135 1112 2188 μεμνημένος.
1147 2135 1307 2188 Ἧμασι
1336 2135 1371 2178 δ’
1401 2137 1505 2179 ἔστω

463 2203 571 2255 Νυξί
595 2203 627 2245 τ’
659 2204 950 2262 ἐπασσυτέρῃσι
979 2203 1238 2258 θεοπρέπτους
1268 2207 1367 2247 κατὰ
1397 2207 1542 2251 θώκους

468 2272 713 2331 Παμπληθὴς
743 2274 890 2327 ἄγυρις·
931 2273 1082 2326 σπουδὴ
1113 2275 1157 2316 δὲ
1185 2274 1330 2328 γέλωτι
1358 2275 1550 2329 μεμίχθω.

519 2362 652 2404 Ταῦτά
682 2381 741 2404 τοι
773 2365 817 2405 ἐν
847 2364 966 2417 φρεσὶ
997 2365 1118 2421 σῇσιν
1149 2365 1210 2407 ἀεὶ
1237 2365 1482 2418 μεμνημένος
1512 2365 1622 2417 εἶναι,

465 2432 546 2472 Καί
572 2449 637 2473 σοι
667 2435 776 2474 πᾶσα
804 2434 913 2487 χθὼν
943 2434 1078 2486 Ἰταλὴ
1107 2434 1171 2476 καὶ
1200 2437 1310 2476 πᾶσα
1338 2435 1489 2487 Λατίνη

463 2501 557 2542 Αἰὲν
585 2501 659 2542 ’ὑπὸ
691 2501 947 2555 σκήπτροισιν
973 2502 1212 2558 ὑπαυχένιον
1242 2502 1359 2558 ζυγὸν
1387 2502 1478 2555 ἕξει.

1734 641 1774 664 10

1731 985 1770 1018 ¹5

1727 1331 1768 1353 20

1720 2019 1764 2048 30

1717 2383 1759 2417 35
