<?xml version="1.0" encoding="UTF-8"?>
<!DOCTYPE html PUBLIC "-//W3C//DTD XHTML 1.0 Transitional//EN"
    "http://www.w3.org/TR/xhtml1/DTD/xhtml1-transitional.dtd">
<html xmlns="http://www.w3.org/1999/xhtml" xml:lang="en" lang="en">
 <head>
  <title>
</title>
<meta http-equiv="Content-Type" content="text/html;charset=utf-8" />
  <meta name='ocr-system' content='tesseract 3.04.00' />
  <meta name='ocr-capabilities' content='ocr_page ocr_carea ocr_par ocr_line ocrx_word'/>
</head>
<body>
  <div class='ocr_page' id='page_1' title='image "./operaomniawithco01horauoft_0359.png"; bbox 0 0 1896 3146; ppageno 0'>
   <div class='ocr_carea' id='block_1_1' title="bbox 515 139 1617 213">
    <p class='ocr_par' dir='ltr' id='par_1_1' title="bbox 515 139 1617 213">
     <span class='ocr_line' id='line_1_1' title="bbox 515 139 1617 213; baseline -0.006 -8"><span class='ocrx_word' id='word_1_1' title='bbox 515 139 786 205; x_wconf 82' lang='lat' dir='ltr'><strong>CARMEN</strong></span> <span class='ocrx_word' id='word_1_2' title='bbox 829 158 1185 204; x_wconf 85' lang='lat' dir='ltr'>SECULARE.</span> <span class='ocrx_word' id='word_1_3' title='bbox 1535 165 1617 213; x_wconf 84' lang='lat'>317</span> 
     </span>
    </p>
   </div>
   <div class='ocr_carea' id='block_1_2' title="bbox 63 272 1666 2606">
    <p class='ocr_par' dir='ltr' id='par_1_2' title="bbox 67 272 1666 949">
     <span class='ocr_line' id='line_1_2' title="bbox 67 272 1620 333; baseline -0.005 -13"><span class='ocrx_word' id='word_1_4' title='bbox 67 294 70 296; x_wconf 88' lang='lat'>·</span> <span class='ocrx_word' id='word_1_5' title='bbox 92 275 269 329; x_wconf 77' lang='grc' dir='ltr'>βήματος</span> <span class='ocrx_word' id='word_1_6' title='bbox 299 275 507 330; x_wconf 89' lang='grc' dir='ltr'>καθήμενοι</span> <span class='ocrx_word' id='word_1_7' title='bbox 532 278 585 333; x_wconf 76' lang='grc' dir='ltr'>τῷ</span> <span class='ocrx_word' id='word_1_8' title='bbox 616 276 721 331; x_wconf 83' lang='grc' dir='ltr'>δήμῳ</span> <span class='ocrx_word' id='word_1_9' title='bbox 751 274 977 326; x_wconf 85' lang='grc' dir='ltr'>διανέμουσι</span> <span class='ocrx_word' id='word_1_10' title='bbox 1006 275 1054 315; x_wconf 78' lang='grc' dir='ltr'>τὰ</span> <span class='ocrx_word' id='word_1_11' title='bbox 1084 272 1289 325; x_wconf 85' lang='grc' dir='ltr'>καθάρσια·</span> <span class='ocrx_word' id='word_1_12' title='bbox 1321 275 1442 313; x_wconf 89' lang='grc' dir='ltr'>ταῦτα</span> <span class='ocrx_word' id='word_1_13' title='bbox 1462 272 1505 314; x_wconf 87' lang='grc' dir='ltr'>δέ</span> <span class='ocrx_word' id='word_1_14' title='bbox 1533 273 1620 313; x_wconf 88' lang='grc' dir='ltr'>ἐστι</span> 
     </span>
     <span class='ocr_line' id='line_1_3' title="bbox 94 341 1619 400; baseline -0.003 -14"><span class='ocrx_word' id='word_1_15' title='bbox 94 348 210 400; x_wconf 77' lang='grc' dir='ltr'>δᾷδες</span> <span class='ocrx_word' id='word_1_16' title='bbox 241 346 302 387; x_wconf 87' lang='grc' dir='ltr'>καὶ</span> <span class='ocrx_word' id='word_1_17' title='bbox 331 349 436 388; x_wconf 84' lang='grc' dir='ltr'>θεῖον</span> <span class='ocrx_word' id='word_1_18' title='bbox 457 346 520 387; x_wconf 85' lang='grc' dir='ltr'>καὶ</span> <span class='ocrx_word' id='word_1_19' title='bbox 540 346 760 398; x_wconf 84' lang='grc' dir='ltr'>ἄσφαλτος·</span> <span class='ocrx_word' id='word_1_20' title='bbox 793 346 927 385; x_wconf 90' lang='grc' dir='ltr'>δοῦλοι</span> <span class='ocrx_word' id='word_1_21' title='bbox 948 344 991 384; x_wconf 79' lang='grc' dir='ltr'>δὲ</span> <span class='ocrx_word' id='word_1_22' title='bbox 1011 343 1158 384; x_wconf 90' lang='grc' dir='ltr'>τούτων</span> <span class='ocrx_word' id='word_1_23' title='bbox 1178 342 1221 383; x_wconf 82' lang='grc' dir='ltr'>οὗ</span> <span class='ocrx_word' id='word_1_24' title='bbox 1241 341 1488 395; x_wconf 84' lang='grc' dir='ltr'>μετέχουσιν,</span> <span class='ocrx_word' id='word_1_25' title='bbox 1511 341 1619 381; x_wconf 77' lang='grc' dir='ltr'>ἀλλὰ</span> 
     </span>
     <span class='ocr_line' id='line_1_4' title="bbox 93 410 1619 467; baseline -0.003 -12"><span class='ocrx_word' id='word_1_26' title='bbox 93 414 294 467; x_wconf 83' lang='grc' dir='ltr'>ἐλεύθεροι</span> <span class='ocrx_word' id='word_1_27' title='bbox 313 416 440 467; x_wconf 81' lang='grc' dir='ltr'>μόνοι.</span> <span class='ocrx_word' id='word_1_28' title='bbox 491 414 760 456; x_wconf 80' lang='grc' dir='ltr'>Συνελθόντος</span> <span class='ocrx_word' id='word_1_29' title='bbox 780 411 823 454; x_wconf 84' lang='grc' dir='ltr'>δὲ</span> <span class='ocrx_word' id='word_1_30' title='bbox 843 415 911 453; x_wconf 86' lang='grc' dir='ltr'>τοῦ</span> <span class='ocrx_word' id='word_1_31' title='bbox 932 410 1054 463; x_wconf 89' lang='grc' dir='ltr'>δήμου</span> <span class='ocrx_word' id='word_1_32' title='bbox 1073 410 1218 453; x_wconf 88' lang='grc' dir='ltr'>παντὸς</span> <span class='ocrx_word' id='word_1_33' title='bbox 1240 410 1282 451; x_wconf 83' lang='grc' dir='ltr'>ἔν</span> <span class='ocrx_word' id='word_1_34' title='bbox 1300 426 1342 450; x_wconf 93' lang='grc' dir='ltr'>τε</span> <span class='ocrx_word' id='word_1_35' title='bbox 1363 413 1445 451; x_wconf 91' lang='grc' dir='ltr'>τοῖς</span> <span class='ocrx_word' id='word_1_36' title='bbox 1464 411 1619 462; x_wconf 84' lang='grc' dir='ltr'>ῥηθεῖσι</span> 
     </span>
     <span class='ocr_line' id='line_1_5' title="bbox 93 478 1617 538; baseline -0.003 -16"><span class='ocrx_word' id='word_1_37' title='bbox 93 483 226 526; x_wconf 78' lang='grc' dir='ltr'>τόποις</span> <span class='ocrx_word' id='word_1_38' title='bbox 248 483 309 523; x_wconf 88' lang='grc' dir='ltr'>καὶ</span> <span class='ocrx_word' id='word_1_39' title='bbox 331 484 373 524; x_wconf 88' lang='grc' dir='ltr'>ἐν</span> <span class='ocrx_word' id='word_1_40' title='bbox 394 485 447 538; x_wconf 78' lang='grc' dir='ltr'>τῷ</span> <span class='ocrx_word' id='word_1_41' title='bbox 470 483 557 538; x_wconf 80' lang='grc' dir='ltr'>ἱερῷ</span> <span class='ocrx_word' id='word_1_42' title='bbox 578 484 646 534; x_wconf 88' lang='grc' dir='ltr'>τῆς</span> <span class='ocrx_word' id='word_1_43' title='bbox 667 479 906 534; x_wconf 84' lang='grc' dir='ltr'>Ἀρτέμιδος,</span> <span class='ocrx_word' id='word_1_44' title='bbox 928 479 949 521; x_wconf 84' lang='grc' dir='ltr'>δ</span> <span class='ocrx_word' id='word_1_45' title='bbox 971 480 1014 521; x_wconf 88' lang='grc' dir='ltr'>ἐν</span> <span class='ocrx_word' id='word_1_46' title='bbox 1033 480 1086 535; x_wconf 76' lang='grc' dir='ltr'>τῷ</span> <span class='ocrx_word' id='word_1_47' title='bbox 1105 478 1346 533; x_wconf 60' lang='grc' dir='ltr'>ΥἈουεντίνιρ</span> <span class='ocrx_word' id='word_1_48' title='bbox 1367 479 1483 532; x_wconf 81' lang='grc' dir='ltr'>λόφῳ</span> <span class='ocrx_word' id='word_1_49' title='bbox 1510 478 1617 518; x_wconf 90' lang='grc' dir='ltr'>καθί-</span> 
     </span>
     <span class='ocr_line' id='line_1_6' title="bbox 94 546 1617 604; baseline -0.003 -13"><span class='ocrx_word' id='word_1_50' title='bbox 94 553 238 602; x_wconf 87' lang='grc' dir='ltr'>δρυται,</span> <span class='ocrx_word' id='word_1_51' title='bbox 270 556 382 593; x_wconf 90' lang='grc' dir='ltr'>σῖτον</span> <span class='ocrx_word' id='word_1_52' title='bbox 412 550 475 593; x_wconf 78' lang='grc' dir='ltr'>καὶ</span> <span class='ocrx_word' id='word_1_53' title='bbox 504 551 634 604; x_wconf 79' lang='grc' dir='ltr'>κριθὴν</span> <span class='ocrx_word' id='word_1_54' title='bbox 664 550 830 593; x_wconf 84' lang='grc' dir='ltr'>ἕκαστος</span> <span class='ocrx_word' id='word_1_55' title='bbox 860 548 971 602; x_wconf 86' lang='grc' dir='ltr'>φέρει</span> <span class='ocrx_word' id='word_1_56' title='bbox 1002 547 1065 589; x_wconf 84' lang='grc' dir='ltr'>καὶ</span> <span class='ocrx_word' id='word_1_57' title='bbox 1096 548 1253 599; x_wconf 88' lang='grc' dir='ltr'>κύαμον.</span> <span class='ocrx_word' id='word_1_58' title='bbox 1325 546 1425 603; x_wconf 90' lang='lat' dir='ltr'><strong>(Cp.</strong></span> <span class='ocrx_word' id='word_1_59' title='bbox 1459 547 1617 601; x_wconf 86' lang='lat' dir='ltr'><strong>Sibyll.</strong></span> 
     </span>
     <span class='ocr_line' id='line_1_7' title="bbox 93 616 1666 678; baseline -0.006 -16"><span class='ocrx_word' id='word_1_60' title='bbox 93 635 132 662; x_wconf 89' lang='lat' dir='ltr'>v.</span> <span class='ocrx_word' id='word_1_61' title='bbox 156 619 245 678; x_wconf 83' lang='lat'><strong>27.)</strong></span> <span class='ocrx_word' id='word_1_62' title='bbox 320 620 395 661; x_wconf 87' lang='grc' dir='ltr'>Καὶ</span> <span class='ocrx_word' id='word_1_63' title='bbox 425 624 511 663; x_wconf 85' lang='grc' dir='ltr'>ταῖς</span> <span class='ocrx_word' id='word_1_64' title='bbox 541 619 708 671; x_wconf 80' lang='grc' dir='ltr'>Μοίραις</span> <span class='ocrx_word' id='word_1_65' title='bbox 738 618 878 672; x_wconf 86' lang='grc' dir='ltr'>ἄγουσι</span> <span class='ocrx_word' id='word_1_66' title='bbox 908 617 1145 672; x_wconf 85' lang='grc' dir='ltr'>παννυχίδας</span> <span class='ocrx_word' id='word_1_67' title='bbox 1172 617 1273 668; x_wconf 79' lang='grc' dir='ltr'>μετὰ</span> <span class='ocrx_word' id='word_1_68' title='bbox 1304 616 1543 666; x_wconf 87' lang='grc' dir='ltr'>σεμνότητος</span> <span class='ocrx_word' id='word_1_69' title='bbox 1576 618 1620 656; x_wconf 87' lang='grc' dir='ltr'>ἐν</span> <span class='ocrx_word' id='word_1_70' title='bbox 1663 651 1666 653; x_wconf 87' lang='grc'>,</span> 
     </span>
     <span class='ocr_line' id='line_1_8' title="bbox 93 683 1620 746; baseline -0.003 -16"><span class='ocrx_word' id='word_1_71' title='bbox 93 690 225 742; x_wconf 81' lang='grc' dir='ltr'>(ἐννέα</span> <span class='ocrx_word' id='word_1_72' title='bbox 246 685 423 746; x_wconf 86' lang='lat' dir='ltr'>Heyne)</span> <span class='ocrx_word' id='word_1_73' title='bbox 444 687 565 740; x_wconf 84' lang='grc' dir='ltr'>νυξίν.</span> <span class='ocrx_word' id='word_1_74' title='bbox 622 687 860 730; x_wconf 86' lang='grc' dir='ltr'>Ἐνστάντος</span> <span class='ocrx_word' id='word_1_75' title='bbox 883 687 927 728; x_wconf 81' lang='grc' dir='ltr'>δὲ</span> <span class='ocrx_word' id='word_1_76' title='bbox 955 689 1024 727; x_wconf 92' lang='grc' dir='ltr'>τοῦ</span> <span class='ocrx_word' id='word_1_77' title='bbox 1053 686 1199 740; x_wconf 87' lang='grc' dir='ltr'>χρόνου</span> <span class='ocrx_word' id='word_1_78' title='bbox 1228 686 1294 736; x_wconf 90' lang='grc' dir='ltr'>τῆς</span> <span class='ocrx_word' id='word_1_79' title='bbox 1325 685 1470 736; x_wconf 85' lang='grc' dir='ltr'>ἑορτῆς,</span> <span class='ocrx_word' id='word_1_80' title='bbox 1499 683 1546 735; x_wconf 89' lang='grc' dir='ltr'>ἣν</span> <span class='ocrx_word' id='word_1_81' title='bbox 1577 686 1620 726; x_wconf 81' lang='grc' dir='ltr'>ἐν</span> 
     </span>
     <span class='ocr_line' id='line_1_9' title="bbox 93 752 1619 813; baseline -0.003 -14"><span class='ocrx_word' id='word_1_82' title='bbox 93 758 219 809; x_wconf 86' lang='grc' dir='ltr'>τρισὶν</span> <span class='ocrx_word' id='word_1_83' title='bbox 238 758 395 811; x_wconf 85' lang='grc' dir='ltr'>ἡμέραις</span> <span class='ocrx_word' id='word_1_84' title='bbox 418 759 460 799; x_wconf 90' lang='grc' dir='ltr'>ἐν</span> <span class='ocrx_word' id='word_1_85' title='bbox 479 759 530 813; x_wconf 74' lang='grc' dir='ltr'>τῷ</span> <span class='ocrx_word' id='word_1_86' title='bbox 552 759 620 798; x_wconf 87' lang='grc' dir='ltr'>τοῦ</span> <span class='ocrx_word' id='word_1_87' title='bbox 634 755 786 810; x_wconf 80' lang='grc' dir='ltr'>Ἀρεως</span> <span class='ocrx_word' id='word_1_88' title='bbox 806 757 1034 797; x_wconf 79' lang='grc' dir='ltr'>ἐπιτελοῦσι</span> <span class='ocrx_word' id='word_1_89' title='bbox 1053 755 1185 809; x_wconf 81' lang='grc' dir='ltr'>πεδίῳ,</span> <span class='ocrx_word' id='word_1_90' title='bbox 1210 754 1271 795; x_wconf 89' lang='grc' dir='ltr'>καὶ</span> <span class='ocrx_word' id='word_1_91' title='bbox 1291 758 1376 797; x_wconf 90' lang='grc' dir='ltr'>ταῖς</span> <span class='ocrx_word' id='word_1_92' title='bbox 1395 755 1500 796; x_wconf 83' lang='grc' dir='ltr'>ἴσαις</span> <span class='ocrx_word' id='word_1_93' title='bbox 1520 752 1619 804; x_wconf 79' lang='grc' dir='ltr'>νυξί,</span> 
     </span>
     <span class='ocr_line' id='line_1_10' title="bbox 97 822 1619 880; baseline -0.004 -12"><span class='ocrx_word' id='word_1_94' title='bbox 97 830 320 880; x_wconf 87' lang='grc' dir='ltr'>καθιεροῦτο</span> <span class='ocrx_word' id='word_1_95' title='bbox 347 828 396 868; x_wconf 81' lang='grc' dir='ltr'>τὰ</span> <span class='ocrx_word' id='word_1_96' title='bbox 422 826 642 878; x_wconf 83' lang='grc' dir='ltr'>τελούμενα</span> <span class='ocrx_word' id='word_1_97' title='bbox 665 827 771 879; x_wconf 80' lang='grc' dir='ltr'>παρὰ</span> <span class='ocrx_word' id='word_1_98' title='bbox 798 825 869 876; x_wconf 81' lang='grc' dir='ltr'>τὴν</span> <span class='ocrx_word' id='word_1_99' title='bbox 889 825 1015 879; x_wconf 86' lang='grc' dir='ltr'>ὄχθην</span> <span class='ocrx_word' id='word_1_100' title='bbox 1038 827 1107 865; x_wconf 87' lang='grc' dir='ltr'>τοῦ</span> <span class='ocrx_word' id='word_1_101' title='bbox 1137 824 1367 877; x_wconf 82' lang='grc' dir='ltr'>Θύμβριδος</span> <span class='ocrx_word' id='word_1_102' title='bbox 1395 823 1437 864; x_wconf 85' lang='grc' dir='ltr'>ἐν</span> <span class='ocrx_word' id='word_1_103' title='bbox 1463 823 1514 878; x_wconf 73' lang='grc' dir='ltr'>τῷ</span> <span class='ocrx_word' id='word_1_104' title='bbox 1536 822 1619 863; x_wconf 92' lang='grc' dir='ltr'>Τά-</span> 
     </span>
     <span class='ocr_line' id='line_1_11' title="bbox 94 891 1621 949; baseline -0.003 -12"><span class='ocrx_word' id='word_1_105' title='bbox 94 913 214 948; x_wconf 91' lang='grc' dir='ltr'>ραντι.</span> <span class='ocrx_word' id='word_1_106' title='bbox 276 895 428 936; x_wconf 84' lang='grc' dir='ltr'>Θύουσι</span> <span class='ocrx_word' id='word_1_107' title='bbox 458 896 501 936; x_wconf 81' lang='grc' dir='ltr'>δὲ</span> <span class='ocrx_word' id='word_1_108' title='bbox 532 898 648 944; x_wconf 86' lang='grc' dir='ltr'>θεοῖς,</span> <span class='ocrx_word' id='word_1_109' title='bbox 671 894 742 936; x_wconf 75' lang='grc' dir='ltr'>Διῒ</span> <span class='ocrx_word' id='word_1_110' title='bbox 770 894 833 935; x_wconf 89' lang='grc' dir='ltr'>καὶ</span> <span class='ocrx_word' id='word_1_111' title='bbox 848 893 959 949; x_wconf 71' lang='grc' dir='ltr'>“Ηρᾳ</span> <span class='ocrx_word' id='word_1_112' title='bbox 990 893 1052 935; x_wconf 88' lang='grc' dir='ltr'>καὶ</span> <span class='ocrx_word' id='word_1_113' title='bbox 1071 892 1301 934; x_wconf 90' lang='grc' dir='ltr'>Ἀπόλλωνι</span> <span class='ocrx_word' id='word_1_114' title='bbox 1322 893 1386 933; x_wconf 91' lang='grc' dir='ltr'>καὶ</span> <span class='ocrx_word' id='word_1_115' title='bbox 1405 895 1532 943; x_wconf 85' lang='grc' dir='ltr'>Λητοῖ</span> <span class='ocrx_word' id='word_1_116' title='bbox 1560 891 1621 932; x_wconf 89' lang='grc' dir='ltr'>καὶ</span> 
     </span>
    </p>

    <p class='ocr_par' dir='ltr' id='par_1_3' title="bbox 63 955 1622 1496">
     <span class='ocr_line' id='line_1_12' title="bbox 63 955 1620 1015; baseline -0.003 -13"><span class='ocrx_word' id='word_1_117' title='bbox 63 978 66 980; x_wconf 94' lang='grc'><em>·</em></span> <span class='ocrx_word' id='word_1_118' title='bbox 91 955 302 1014; x_wconf 89' lang='grc' dir='ltr'>Ἀρτέμιδι,</span> <span class='ocrx_word' id='word_1_119' title='bbox 326 961 388 1002; x_wconf 88' lang='grc' dir='ltr'>καὶ</span> <span class='ocrx_word' id='word_1_120' title='bbox 416 962 582 1014; x_wconf 83' lang='grc' dir='ltr'>προσέτι</span> <span class='ocrx_word' id='word_1_121' title='bbox 611 977 658 1015; x_wconf 91' lang='grc' dir='ltr'>γε</span> <span class='ocrx_word' id='word_1_122' title='bbox 690 961 859 1014; x_wconf 85' lang='grc' dir='ltr'>Μοίραις</span> <span class='ocrx_word' id='word_1_123' title='bbox 890 962 954 1001; x_wconf 84' lang='grc' dir='ltr'>καὶ</span> <span class='ocrx_word' id='word_1_124' title='bbox 984 961 1226 1002; x_wconf 84' lang='grc' dir='ltr'>Εἶλειθυίαις</span> <span class='ocrx_word' id='word_1_125' title='bbox 1257 959 1317 1000; x_wconf 82' lang='grc' dir='ltr'>καὶ</span> <span class='ocrx_word' id='word_1_126' title='bbox 1349 957 1526 1010; x_wconf 89' lang='grc' dir='ltr'>Δήμητρι</span> <span class='ocrx_word' id='word_1_127' title='bbox 1557 958 1620 998; x_wconf 86' lang='grc' dir='ltr'>καὶ</span> 
     </span>
     <span class='ocr_line' id='line_1_13' title="bbox 87 1027 1621 1087; baseline -0.001 -16"><span class='ocrx_word' id='word_1_128' title='bbox 87 1029 206 1087; x_wconf 66' lang='grc' dir='ltr'>εγΑιδῃ</span> <span class='ocrx_word' id='word_1_129' title='bbox 243 1029 306 1071; x_wconf 81' lang='grc' dir='ltr'>καὶ</span> <span class='ocrx_word' id='word_1_130' title='bbox 341 1030 594 1086; x_wconf 88' lang='grc' dir='ltr'>Περσεφόνῃ.</span> <span class='ocrx_word' id='word_1_131' title='bbox 668 1031 727 1085; x_wconf 98' lang='grc' dir='ltr'>Τῇ</span> <span class='ocrx_word' id='word_1_132' title='bbox 760 1030 802 1070; x_wconf 81' lang='grc' dir='ltr'>δὲ</span> <span class='ocrx_word' id='word_1_133' title='bbox 832 1029 964 1085; x_wconf 83' lang='grc' dir='ltr'>πρώτῃ</span> <span class='ocrx_word' id='word_1_134' title='bbox 995 1032 1071 1070; x_wconf 82' lang='grc' dir='ltr'>τῶν</span> <span class='ocrx_word' id='word_1_135' title='bbox 1101 1031 1272 1080; x_wconf 81' lang='grc' dir='ltr'>θεωριῶν</span> <span class='ocrx_word' id='word_1_136' title='bbox 1302 1028 1409 1069; x_wconf 82' lang='grc' dir='ltr'>νυκτὶ</span> <span class='ocrx_word' id='word_1_137' title='bbox 1440 1027 1621 1079; x_wconf 85' lang='grc' dir='ltr'>δευτέρας</span> 
     </span>
     <span class='ocr_line' id='line_1_14' title="bbox 94 1095 1620 1152; baseline -0.001 -12"><span class='ocrx_word' id='word_1_138' title='bbox 94 1100 192 1148; x_wconf 86' lang='grc' dir='ltr'>ὥρας</span> <span class='ocrx_word' id='word_1_139' title='bbox 214 1099 234 1140; x_wconf 89' lang='grc' dir='ltr'>ὁ</span> <span class='ocrx_word' id='word_1_140' title='bbox 255 1098 499 1152; x_wconf 78' lang='grc' dir='ltr'>αὐτοκράτωρ</span> <span class='ocrx_word' id='word_1_141' title='bbox 520 1099 583 1140; x_wconf 88' lang='grc' dir='ltr'>ἐπὶ</span> <span class='ocrx_word' id='word_1_142' title='bbox 603 1098 673 1150; x_wconf 76' lang='grc' dir='ltr'>τὴν</span> <span class='ocrx_word' id='word_1_143' title='bbox 694 1099 820 1152; x_wconf 86' lang='grc' dir='ltr'>ὄχθην</span> <span class='ocrx_word' id='word_1_144' title='bbox 844 1101 913 1139; x_wconf 83' lang='grc' dir='ltr'>τοῦ</span> <span class='ocrx_word' id='word_1_145' title='bbox 938 1100 1114 1150; x_wconf 85' lang='grc' dir='ltr'>ποταμοῦ</span> <span class='ocrx_word' id='word_1_146' title='bbox 1135 1101 1253 1150; x_wconf 87' lang='grc' dir='ltr'>τριῶν</span> <span class='ocrx_word' id='word_1_147' title='bbox 1273 1095 1620 1150; x_wconf 87' lang='grc' dir='ltr'>παρασκευασθέν-</span> 
     </span>
     <span class='ocr_line' id='line_1_15' title="bbox 91 1165 1622 1221; baseline 0 -13"><span class='ocrx_word' id='word_1_148' title='bbox 91 1184 168 1209; x_wconf 89' lang='grc' dir='ltr'>των</span> <span class='ocrx_word' id='word_1_149' title='bbox 196 1172 342 1220; x_wconf 82' lang='grc' dir='ltr'>βωμῶν</span> <span class='ocrx_word' id='word_1_150' title='bbox 367 1171 470 1221; x_wconf 86' lang='grc' dir='ltr'>τρεῖς</span> <span class='ocrx_word' id='word_1_151' title='bbox 502 1168 622 1221; x_wconf 85' lang='grc' dir='ltr'>ἄρνας</span> <span class='ocrx_word' id='word_1_152' title='bbox 658 1167 741 1208; x_wconf 82' lang='grc' dir='ltr'>θύει</span> <span class='ocrx_word' id='word_1_153' title='bbox 771 1169 871 1219; x_wconf 79' lang='grc' dir='ltr'>μετὰ</span> <span class='ocrx_word' id='word_1_154' title='bbox 901 1170 980 1207; x_wconf 87' lang='grc' dir='ltr'>τῶν</span> <span class='ocrx_word' id='word_1_155' title='bbox 1012 1166 1224 1208; x_wconf 89' lang='grc' dir='ltr'>δεκαπέντε</span> <span class='ocrx_word' id='word_1_156' title='bbox 1254 1166 1406 1218; x_wconf 83' lang='grc' dir='ltr'>ἀνδρῶν</span> <span class='ocrx_word' id='word_1_157' title='bbox 1436 1165 1499 1206; x_wconf 81' lang='grc' dir='ltr'>καὶ</span> <span class='ocrx_word' id='word_1_158' title='bbox 1533 1165 1622 1208; x_wconf 83' lang='grc' dir='ltr'>τοὺς</span> 
     </span>
     <span class='ocr_line' id='line_1_16' title="bbox 90 1235 1619 1289; baseline -0.001 -12"><span class='ocrx_word' id='word_1_159' title='bbox 90 1237 249 1288; x_wconf 85' lang='grc' dir='ltr'>βωμοὺς</span> <span class='ocrx_word' id='word_1_160' title='bbox 289 1236 524 1289; x_wconf 79' lang='grc' dir='ltr'>καθαιμάξας</span> <span class='ocrx_word' id='word_1_161' title='bbox 560 1238 772 1278; x_wconf 88' lang='grc' dir='ltr'>ὁλοκαυτοῖ</span> <span class='ocrx_word' id='word_1_162' title='bbox 806 1237 855 1277; x_wconf 82' lang='grc' dir='ltr'>τὰ</span> <span class='ocrx_word' id='word_1_163' title='bbox 894 1236 1056 1288; x_wconf 86' lang='grc' dir='ltr'>θύματα.</span> <span class='ocrx_word' id='word_1_164' title='bbox 1135 1235 1535 1285; x_wconf 88' lang='grc' dir='ltr'>Κατασκευασθείσης</span> <span class='ocrx_word' id='word_1_165' title='bbox 1578 1236 1619 1275; x_wconf 82' lang='grc' dir='ltr'>δὲ</span> 
     </span>
     <span class='ocr_line' id='line_1_17' title="bbox 93 1301 1622 1359; baseline -0.002 -13"><span class='ocrx_word' id='word_1_166' title='bbox 93 1308 237 1358; x_wconf 86' lang='grc' dir='ltr'>σκηνῆς</span> <span class='ocrx_word' id='word_1_167' title='bbox 266 1306 376 1357; x_wconf 89' lang='grc' dir='ltr'>δίκην</span> <span class='ocrx_word' id='word_1_168' title='bbox 407 1304 571 1359; x_wconf 86' lang='grc' dir='ltr'>θεάτρου</span> <span class='ocrx_word' id='word_1_169' title='bbox 607 1309 720 1358; x_wconf 87' lang='grc' dir='ltr'>φῶτα</span> <span class='ocrx_word' id='word_1_170' title='bbox 755 1304 968 1346; x_wconf 87' lang='grc' dir='ltr'>ἀνάπτεται</span> <span class='ocrx_word' id='word_1_171' title='bbox 1000 1303 1063 1345; x_wconf 87' lang='grc' dir='ltr'>καὶ</span> <span class='ocrx_word' id='word_1_172' title='bbox 1093 1303 1206 1355; x_wconf 87' lang='grc' dir='ltr'>πυρά,</span> <span class='ocrx_word' id='word_1_173' title='bbox 1240 1303 1303 1344; x_wconf 87' lang='grc' dir='ltr'>καὶ</span> <span class='ocrx_word' id='word_1_174' title='bbox 1331 1305 1452 1355; x_wconf 83' lang='grc' dir='ltr'>ὕμνος</span> <span class='ocrx_word' id='word_1_175' title='bbox 1488 1301 1622 1357; x_wconf 77' lang='grc' dir='ltr'>ᾅδεται</span> 
     </span>
     <span class='ocr_line' id='line_1_18' title="bbox 92 1372 1620 1427; baseline -0.002 -12"><span class='ocrx_word' id='word_1_176' title='bbox 92 1375 234 1416; x_wconf 88' lang='grc' dir='ltr'>νεωστὶ</span> <span class='ocrx_word' id='word_1_177' title='bbox 254 1374 527 1426; x_wconf 86' lang='grc' dir='ltr'>πεποιημένος,</span> <span class='ocrx_word' id='word_1_178' title='bbox 550 1375 706 1426; x_wconf 87' lang='grc' dir='ltr'>θεωρίαι</span> <span class='ocrx_word' id='word_1_179' title='bbox 730 1390 773 1415; x_wconf 90' lang='grc' dir='ltr'>τε</span> <span class='ocrx_word' id='word_1_180' title='bbox 804 1375 1046 1427; x_wconf 81' lang='grc' dir='ltr'>ἱεροπρεπεῖς</span> <span class='ocrx_word' id='word_1_181' title='bbox 1073 1372 1248 1426; x_wconf 80' lang='grc' dir='ltr'>ἄγονται.</span> <span class='ocrx_word' id='word_1_182' title='bbox 1311 1372 1548 1424; x_wconf 74' lang='grc' dir='ltr'>Κομίζονται</span> <span class='ocrx_word' id='word_1_183' title='bbox 1578 1373 1620 1412; x_wconf 83' lang='grc' dir='ltr'>δὲ</span> 
     </span>
     <span class='ocr_line' id='line_1_19' title="bbox 93 1441 1622 1496; baseline -0.001 -12"><span class='ocrx_word' id='word_1_184' title='bbox 93 1444 129 1484; x_wconf 88' lang='grc' dir='ltr'>οἱ</span> <span class='ocrx_word' id='word_1_185' title='bbox 149 1441 270 1484; x_wconf 78' lang='grc' dir='ltr'>ταῦτα</span> <span class='ocrx_word' id='word_1_186' title='bbox 289 1446 491 1486; x_wconf 84' lang='grc' dir='ltr'>ποιοῦντες</span> <span class='ocrx_word' id='word_1_187' title='bbox 519 1441 663 1495; x_wconf 85' lang='grc' dir='ltr'>μισθὸν</span> <span class='ocrx_word' id='word_1_188' title='bbox 683 1443 753 1486; x_wconf 85' lang='grc' dir='ltr'>τὰς</span> <span class='ocrx_word' id='word_1_189' title='bbox 773 1443 954 1496; x_wconf 81' lang='grc' dir='ltr'>ἀπαρχὰς</span> <span class='ocrx_word' id='word_1_190' title='bbox 975 1444 1052 1483; x_wconf 81' lang='grc' dir='ltr'>τῶν</span> <span class='ocrx_word' id='word_1_191' title='bbox 1081 1444 1251 1493; x_wconf 86' lang='grc' dir='ltr'>καρπῶν,</span> <span class='ocrx_word' id='word_1_192' title='bbox 1276 1441 1387 1482; x_wconf 87' lang='grc' dir='ltr'>σίτου</span> <span class='ocrx_word' id='word_1_193' title='bbox 1409 1441 1472 1482; x_wconf 85' lang='grc' dir='ltr'>καὶ</span> <span class='ocrx_word' id='word_1_194' title='bbox 1493 1443 1622 1494; x_wconf 82' lang='grc' dir='ltr'>κριθῆς</span> 
     </span>
    </p>

    <p class='ocr_par' dir='ltr' id='par_1_4' title="bbox 68 1508 1626 2388">
     <span class='ocr_line' id='line_1_20' title="bbox 68 1508 1620 1566; baseline -0.001 -14"><span class='ocrx_word' id='word_1_195' title='bbox 68 1556 70 1558; x_wconf 64' lang='lat'><em>,</em></span> <span class='ocrx_word' id='word_1_196' title='bbox 93 1510 155 1553; x_wconf 75' lang='grc' dir='ltr'>καὶ</span> <span class='ocrx_word' id='word_1_197' title='bbox 176 1511 345 1564; x_wconf 89' lang='grc' dir='ltr'>κυάμων·</span> <span class='ocrx_word' id='word_1_198' title='bbox 379 1511 492 1552; x_wconf 77' lang='grc' dir='ltr'>αὗται</span> <span class='ocrx_word' id='word_1_199' title='bbox 507 1511 594 1564; x_wconf 89' lang='grc' dir='ltr'>γάρ,</span> <span class='ocrx_word' id='word_1_200' title='bbox 612 1511 662 1554; x_wconf 83' lang='grc' dir='ltr'>ὦς</span> <span class='ocrx_word' id='word_1_201' title='bbox 678 1512 827 1564; x_wconf 79' lang='grc' dir='ltr'>εἴρηταί</span> <span class='ocrx_word' id='word_1_202' title='bbox 843 1528 924 1562; x_wconf 84' lang='grc' dir='ltr'>μοι,</span> <span class='ocrx_word' id='word_1_203' title='bbox 942 1511 1006 1551; x_wconf 86' lang='grc' dir='ltr'>καὶ</span> <span class='ocrx_word' id='word_1_204' title='bbox 1026 1510 1079 1566; x_wconf 71' lang='grc' dir='ltr'>τῷ</span> <span class='ocrx_word' id='word_1_205' title='bbox 1103 1508 1209 1564; x_wconf 78' lang='grc' dir='ltr'>δήμῳ</span> <span class='ocrx_word' id='word_1_206' title='bbox 1226 1509 1340 1550; x_wconf 88' lang='grc' dir='ltr'>παντὶ</span> <span class='ocrx_word' id='word_1_207' title='bbox 1357 1509 1620 1561; x_wconf 91' lang='grc' dir='ltr'>διανέμονται.</span> 
     </span>
     <span class='ocr_line' id='line_1_21' title="bbox 91 1577 1623 1637; baseline 0.001 -16"><span class='ocrx_word' id='word_1_208' title='bbox 91 1579 151 1637; x_wconf 81' lang='grc' dir='ltr'>Τῇ</span> <span class='ocrx_word' id='word_1_209' title='bbox 173 1582 214 1622; x_wconf 83' lang='grc' dir='ltr'>δὲ</span> <span class='ocrx_word' id='word_1_210' title='bbox 233 1582 332 1631; x_wconf 75' lang='grc' dir='ltr'>μετὰ</span> <span class='ocrx_word' id='word_1_211' title='bbox 353 1581 494 1629; x_wconf 84' lang='grc' dir='ltr'>ταύτην</span> <span class='ocrx_word' id='word_1_212' title='bbox 513 1579 634 1635; x_wconf 79' lang='grc' dir='ltr'>ἡμέρᾳ</span> <span class='ocrx_word' id='word_1_213' title='bbox 655 1581 708 1623; x_wconf 85' lang='grc' dir='ltr'>εἰς</span> <span class='ocrx_word' id='word_1_214' title='bbox 729 1579 773 1621; x_wconf 86' lang='grc' dir='ltr'>τὸ</span> <span class='ocrx_word' id='word_1_215' title='bbox 796 1579 1057 1621; x_wconf 83' lang='grc' dir='ltr'>Καπετώλιον</span> <span class='ocrx_word' id='word_1_216' title='bbox 1088 1577 1308 1630; x_wconf 82' lang='grc' dir='ltr'>ἀναβάντες</span> <span class='ocrx_word' id='word_1_217' title='bbox 1335 1578 1533 1619; x_wconf 87' lang='grc' dir='ltr'>κάνταῦθα</span> <span class='ocrx_word' id='word_1_218' title='bbox 1555 1580 1623 1622; x_wconf 77' lang='grc' dir='ltr'>τὰς</span> 
     </span>
     <span class='ocr_line' id='line_1_22' title="bbox 93 1646 1621 1702; baseline -0.001 -13"><span class='ocrx_word' id='word_1_219' title='bbox 93 1647 373 1700; x_wconf 89' lang='grc' dir='ltr'>νενομισμένας</span> <span class='ocrx_word' id='word_1_220' title='bbox 405 1649 543 1692; x_wconf 90' lang='grc' dir='ltr'>θυσίας</span> <span class='ocrx_word' id='word_1_221' title='bbox 572 1649 910 1702; x_wconf 80' lang='grc' dir='ltr'>προσαγαγόντες,</span> <span class='ocrx_word' id='word_1_222' title='bbox 934 1646 1112 1689; x_wconf 84' lang='grc' dir='ltr'>ἐντεῦθέν</span> <span class='ocrx_word' id='word_1_223' title='bbox 1141 1663 1184 1688; x_wconf 89' lang='grc' dir='ltr'>τε</span> <span class='ocrx_word' id='word_1_224' title='bbox 1216 1646 1279 1688; x_wconf 86' lang='grc' dir='ltr'>ἐπὶ</span> <span class='ocrx_word' id='word_1_225' title='bbox 1309 1646 1354 1687; x_wconf 85' lang='grc' dir='ltr'>τὸ</span> <span class='ocrx_word' id='word_1_226' title='bbox 1386 1663 1621 1688; x_wconf 89' lang='grc' dir='ltr'>κατεσκευα-</span> 
     </span>
     <span class='ocr_line' id='line_1_23' title="bbox 94 1714 1623 1770; baseline -0.001 -12"><span class='ocrx_word' id='word_1_227' title='bbox 94 1717 240 1769; x_wconf 92' lang='grc' dir='ltr'>σμένον</span> <span class='ocrx_word' id='word_1_228' title='bbox 257 1716 418 1770; x_wconf 87' lang='grc' dir='ltr'>θέατρον</span> <span class='ocrx_word' id='word_1_229' title='bbox 435 1718 621 1759; x_wconf 80' lang='grc' dir='ltr'>ἐλθόντες</span> <span class='ocrx_word' id='word_1_230' title='bbox 637 1719 706 1760; x_wconf 80' lang='grc' dir='ltr'>τὰς</span> <span class='ocrx_word' id='word_1_231' title='bbox 722 1718 884 1770; x_wconf 87' lang='grc' dir='ltr'>θεωρίας</span> <span class='ocrx_word' id='word_1_232' title='bbox 898 1717 1148 1757; x_wconf 85' lang='grc' dir='ltr'>ἐπιτελοῦσιν</span> <span class='ocrx_word' id='word_1_233' title='bbox 1162 1714 1392 1757; x_wconf 89' lang='grc' dir='ltr'>Ἀπόλλωνι</span> <span class='ocrx_word' id='word_1_234' title='bbox 1409 1715 1470 1757; x_wconf 91' lang='grc' dir='ltr'>καὶ</span> <span class='ocrx_word' id='word_1_235' title='bbox 1487 1714 1623 1768; x_wconf 84' lang='grc' dir='ltr'>Ἀρτέ-</span> 
     </span>
     <span class='ocr_line' id='line_1_24' title="bbox 91 1783 1624 1841; baseline -0.001 -14"><span class='ocrx_word' id='word_1_236' title='bbox 91 1789 185 1837; x_wconf 90' lang='grc' dir='ltr'>μιδι.</span> <span class='ocrx_word' id='word_1_237' title='bbox 244 1785 303 1841; x_wconf 87' lang='grc' dir='ltr'>Τῇ</span> <span class='ocrx_word' id='word_1_238' title='bbox 335 1787 376 1826; x_wconf 81' lang='grc' dir='ltr'>δὲ</span> <span class='ocrx_word' id='word_1_239' title='bbox 406 1787 503 1837; x_wconf 79' lang='grc' dir='ltr'>μετὰ</span> <span class='ocrx_word' id='word_1_240' title='bbox 524 1785 667 1836; x_wconf 88' lang='grc' dir='ltr'>ταύτην</span> <span class='ocrx_word' id='word_1_241' title='bbox 685 1785 807 1840; x_wconf 78' lang='grc' dir='ltr'>ἡμέρα</span> <span class='ocrx_word' id='word_1_242' title='bbox 828 1789 1008 1839; x_wconf 89' lang='grc' dir='ltr'>γυναῖκες</span> <span class='ocrx_word' id='word_1_243' title='bbox 1029 1785 1214 1837; x_wconf 84' lang='grc' dir='ltr'>ἐπίσημοι</span> <span class='ocrx_word' id='word_1_244' title='bbox 1236 1786 1332 1826; x_wconf 76' lang='grc' dir='ltr'>κατὰ</span> <span class='ocrx_word' id='word_1_245' title='bbox 1346 1784 1416 1836; x_wconf 84' lang='grc' dir='ltr'>τὴν</span> <span class='ocrx_word' id='word_1_246' title='bbox 1436 1785 1553 1838; x_wconf 84' lang='grc' dir='ltr'>ὥραν,</span> <span class='ocrx_word' id='word_1_247' title='bbox 1575 1783 1624 1836; x_wconf 85' lang='grc' dir='ltr'>ἣν</span> 
     </span>
     <span class='ocr_line' id='line_1_25' title="bbox 94 1853 1625 1908; baseline -0.001 -13"><span class='ocrx_word' id='word_1_248' title='bbox 94 1856 115 1895; x_wconf 91' lang='grc' dir='ltr'>ὁ</span> <span class='ocrx_word' id='word_1_249' title='bbox 134 1853 311 1908; x_wconf 83' lang='grc' dir='ltr'>χρησμὸς</span> <span class='ocrx_word' id='word_1_250' title='bbox 340 1855 621 1907; x_wconf 81' lang='grc' dir='ltr'>ὑπηγόρευσεν,</span> <span class='ocrx_word' id='word_1_251' title='bbox 644 1855 698 1897; x_wconf 83' lang='grc' dir='ltr'>εἷς</span> <span class='ocrx_word' id='word_1_252' title='bbox 718 1853 764 1895; x_wconf 89' lang='grc' dir='ltr'>τὸ</span> <span class='ocrx_word' id='word_1_253' title='bbox 789 1854 1050 1895; x_wconf 85' lang='grc' dir='ltr'>Καπετώλιον</span> <span class='ocrx_word' id='word_1_254' title='bbox 1082 1856 1346 1895; x_wconf 88' lang='grc' dir='ltr'>συνελθοῦσαι</span> <span class='ocrx_word' id='word_1_255' title='bbox 1374 1853 1625 1894; x_wconf 89' lang='grc' dir='ltr'>λιτανεύουσι</span> 
     </span>
     <span class='ocr_line' id='line_1_26' title="bbox 91 1920 1622 1978; baseline -0.001 -15"><span class='ocrx_word' id='word_1_256' title='bbox 91 1922 161 1963; x_wconf 85' lang='grc' dir='ltr'>τὸν</span> <span class='ocrx_word' id='word_1_257' title='bbox 191 1922 282 1963; x_wconf 89' lang='grc' dir='ltr'>θεὸν</span> <span class='ocrx_word' id='word_1_258' title='bbox 309 1922 371 1963; x_wconf 86' lang='grc' dir='ltr'>καὶ</span> <span class='ocrx_word' id='word_1_259' title='bbox 398 1924 586 1973; x_wconf 83' lang='grc' dir='ltr'>ὑμνοῦσιν</span> <span class='ocrx_word' id='word_1_260' title='bbox 617 1922 668 1965; x_wconf 83' lang='grc' dir='ltr'>ὣς</span> <span class='ocrx_word' id='word_1_261' title='bbox 699 1921 818 1975; x_wconf 88' lang='grc' dir='ltr'>θέμις.</span> <span class='ocrx_word' id='word_1_262' title='bbox 888 1920 1116 1977; x_wconf 78' lang='grc' dir='ltr'>Ἱ-Ιμέρᾳδὲ</span> <span class='ocrx_word' id='word_1_263' title='bbox 1147 1922 1255 1978; x_wconf 85' lang='grc' dir='ltr'>τρίτῃ</span> <span class='ocrx_word' id='word_1_264' title='bbox 1286 1923 1330 1963; x_wconf 91' lang='grc' dir='ltr'>ἐν</span> <span class='ocrx_word' id='word_1_265' title='bbox 1359 1926 1412 1978; x_wconf 78' lang='grc' dir='ltr'>τῷ</span> <span class='ocrx_word' id='word_1_266' title='bbox 1450 1923 1547 1963; x_wconf 80' lang='grc' dir='ltr'>κατὰ</span> <span class='ocrx_word' id='word_1_267' title='bbox 1576 1921 1622 1962; x_wconf 85' lang='grc' dir='ltr'>τὸ</span> 
     </span>
     <span class='ocr_line' id='line_1_27' title="bbox 93 1989 1623 2047; baseline -0.001 -15"><span class='ocrx_word' id='word_1_268' title='bbox 93 1989 299 2032; x_wconf 86' lang='grc' dir='ltr'>Παλάτιον</span> <span class='ocrx_word' id='word_1_269' title='bbox 321 1989 577 2034; x_wconf 86' lang='grc' dir='ltr'>Ἀπόλλωνος</span> <span class='ocrx_word' id='word_1_270' title='bbox 609 1991 698 2047; x_wconf 75' lang='grc' dir='ltr'>ἱερῷ</span> <span class='ocrx_word' id='word_1_271' title='bbox 731 1990 811 2044; x_wconf 79' lang='grc' dir='ltr'>τρὶς</span> <span class='ocrx_word' id='word_1_272' title='bbox 842 1991 959 2032; x_wconf 89' lang='grc' dir='ltr'>ἐννέα</span> <span class='ocrx_word' id='word_1_273' title='bbox 980 1994 1114 2034; x_wconf 88' lang='grc' dir='ltr'>παῖδες</span> <span class='ocrx_word' id='word_1_274' title='bbox 1135 1992 1342 2044; x_wconf 89' lang='grc' dir='ltr'>ἐπιφανεῖς</span> <span class='ocrx_word' id='word_1_275' title='bbox 1361 1992 1459 2042; x_wconf 78' lang='grc' dir='ltr'>μετὰ</span> <span class='ocrx_word' id='word_1_276' title='bbox 1478 1990 1623 2041; x_wconf 87' lang='grc' dir='ltr'>παρθέ-</span> 
     </span>
     <span class='ocr_line' id='line_1_28' title="bbox 93 2057 1626 2115; baseline -0.001 -14"><span class='ocrx_word' id='word_1_277' title='bbox 93 2076 173 2101; x_wconf 88' lang='grc' dir='ltr'>νων</span> <span class='ocrx_word' id='word_1_278' title='bbox 193 2059 404 2107; x_wconf 83' lang='grc' dir='ltr'>τοσούτων,</span> <span class='ocrx_word' id='word_1_279' title='bbox 442 2058 479 2100; x_wconf 78' lang='grc' dir='ltr'>οῒ</span> <span class='ocrx_word' id='word_1_280' title='bbox 513 2058 660 2103; x_wconf 86' lang='grc' dir='ltr'>πάντες</span> <span class='ocrx_word' id='word_1_281' title='bbox 690 2060 942 2113; x_wconf 86' lang='grc' dir='ltr'>ἀμφιθαλεῖς,</span> <span class='ocrx_word' id='word_1_282' title='bbox 975 2058 1069 2111; x_wconf 86' lang='grc' dir='ltr'>ὅπερ</span> <span class='ocrx_word' id='word_1_283' title='bbox 1104 2059 1227 2109; x_wconf 86' lang='grc' dir='ltr'>ἐστίν,</span> <span class='ocrx_word' id='word_1_284' title='bbox 1259 2057 1502 2115; x_wconf 81' lang='grc' dir='ltr'>ἀμφοτέρους</span> <span class='ocrx_word' id='word_1_285' title='bbox 1537 2058 1626 2100; x_wconf 78' lang='grc' dir='ltr'>τοὺς</span> 
     </span>
     <span class='ocr_line' id='line_1_29' title="bbox 91 2126 1624 2185; baseline -0.001 -16"><span class='ocrx_word' id='word_1_286' title='bbox 91 2133 223 2181; x_wconf 88' lang='grc' dir='ltr'>γονεῖς</span> <span class='ocrx_word' id='word_1_287' title='bbox 244 2128 403 2182; x_wconf 86' lang='grc' dir='ltr'>ἔχοντες</span> <span class='ocrx_word' id='word_1_288' title='bbox 421 2129 638 2182; x_wconf 91' lang='grc' dir='ltr'>περιόντας,</span> <span class='ocrx_word' id='word_1_289' title='bbox 654 2130 798 2180; x_wconf 86' lang='grc' dir='ltr'>ὕμνους</span> <span class='ocrx_word' id='word_1_290' title='bbox 820 2127 959 2183; x_wconf 80' lang='grc' dir='ltr'>ᾅδουσι</span> <span class='ocrx_word' id='word_1_291' title='bbox 979 2133 1026 2185; x_wconf 79' lang='grc' dir='ltr'>τῇ</span> <span class='ocrx_word' id='word_1_292' title='bbox 1047 2145 1090 2170; x_wconf 90' lang='grc' dir='ltr'>τε</span> <span class='ocrx_word' id='word_1_293' title='bbox 1110 2126 1320 2179; x_wconf 86' lang='grc' dir='ltr'>Ἑλλήνων</span> <span class='ocrx_word' id='word_1_294' title='bbox 1342 2127 1403 2168; x_wconf 86' lang='grc' dir='ltr'>καὶ</span> <span class='ocrx_word' id='word_1_295' title='bbox 1424 2126 1624 2179; x_wconf 90' lang='grc' dir='ltr'>Ῥωμαίων</span> 
     </span>
     <span class='ocr_line' id='line_1_30' title="bbox 93 2195 1624 2257; baseline -0.001 -19"><span class='ocrx_word' id='word_1_296' title='bbox 93 2199 205 2250; x_wconf 87' lang='grc' dir='ltr'>φωνῇ</span> <span class='ocrx_word' id='word_1_297' title='bbox 226 2197 288 2238; x_wconf 87' lang='grc' dir='ltr'>καὶ</span> <span class='ocrx_word' id='word_1_298' title='bbox 308 2199 490 2257; x_wconf 77' lang='grc' dir='ltr'>παιᾶνας,</span> <span class='ocrx_word' id='word_1_299' title='bbox 514 2195 563 2237; x_wconf 87' lang='grc' dir='ltr'>δι’</span> <span class='ocrx_word' id='word_1_300' title='bbox 584 2198 639 2238; x_wconf 84' lang='grc' dir='ltr'>ὧν</span> <span class='ocrx_word' id='word_1_301' title='bbox 660 2198 700 2238; x_wconf 90' lang='grc' dir='ltr'>αἱ</span> <span class='ocrx_word' id='word_1_302' title='bbox 719 2197 794 2238; x_wconf 83' lang='grc' dir='ltr'>ὑπὸ</span> <span class='ocrx_word' id='word_1_303' title='bbox 814 2195 1022 2248; x_wconf 87' lang='grc' dir='ltr'>Ῥωμαίοις</span> <span class='ocrx_word' id='word_1_304' title='bbox 1053 2196 1245 2246; x_wconf 80' lang='grc' dir='ltr'>σώζονται</span> <span class='ocrx_word' id='word_1_305' title='bbox 1271 2196 1421 2237; x_wconf 89' lang='grc' dir='ltr'>πόλεις·</span> <span class='ocrx_word' id='word_1_306' title='bbox 1454 2195 1562 2236; x_wconf 88' lang='grc' dir='ltr'>ἄλλα</span> <span class='ocrx_word' id='word_1_307' title='bbox 1582 2212 1624 2236; x_wconf 89' lang='grc' dir='ltr'>τε</span> 
     </span>
     <span class='ocr_line' id='line_1_31' title="bbox 93 2263 1622 2318; baseline -0.001 -12"><span class='ocrx_word' id='word_1_308' title='bbox 93 2267 190 2307; x_wconf 80' lang='grc' dir='ltr'>κατὰ</span> <span class='ocrx_word' id='word_1_309' title='bbox 208 2264 277 2306; x_wconf 87' lang='grc' dir='ltr'>τὸν</span> <span class='ocrx_word' id='word_1_310' title='bbox 298 2264 550 2318; x_wconf 83' lang='grc' dir='ltr'>ὑφηγημένον</span> <span class='ocrx_word' id='word_1_311' title='bbox 574 2266 678 2317; x_wconf 77' lang='grc' dir='ltr'>παρὰ</span> <span class='ocrx_word' id='word_1_312' title='bbox 707 2268 775 2306; x_wconf 88' lang='grc' dir='ltr'>τοῦ</span> <span class='ocrx_word' id='word_1_313' title='bbox 802 2265 911 2306; x_wconf 88' lang='grc' dir='ltr'>θείου</span> <span class='ocrx_word' id='word_1_314' title='bbox 933 2265 1079 2318; x_wconf 91' lang='grc' dir='ltr'>τρόπον</span> <span class='ocrx_word' id='word_1_315' title='bbox 1099 2263 1323 2317; x_wconf 85' lang='grc' dir='ltr'>ἐπράττετο,</span> <span class='ocrx_word' id='word_1_316' title='bbox 1346 2265 1397 2305; x_wconf 80' lang='grc' dir='ltr'>ὧν</span> <span class='ocrx_word' id='word_1_317' title='bbox 1419 2264 1622 2305; x_wconf 89' lang='grc' dir='ltr'>ἐπιτελου-</span> 
     </span>
     <span class='ocr_line' id='line_1_32' title="bbox 90 2331 1063 2388; baseline -0.003 -12"><span class='ocrx_word' id='word_1_318' title='bbox 90 2337 221 2386; x_wconf 86' lang='grc' dir='ltr'>μένων</span> <span class='ocrx_word' id='word_1_319' title='bbox 241 2334 433 2385; x_wconf 89' lang='grc' dir='ltr'>διέμεινεν</span> <span class='ocrx_word' id='word_1_320' title='bbox 451 2334 475 2385; x_wconf 85' lang='grc' dir='ltr'>ἡ</span> <span class='ocrx_word' id='word_1_321' title='bbox 498 2333 599 2388; x_wconf 81' lang='grc' dir='ltr'>ἀρχὴ</span> <span class='ocrx_word' id='word_1_322' title='bbox 618 2331 819 2385; x_wconf 89' lang='grc' dir='ltr'>Ῥωμαίων</span> <span class='ocrx_word' id='word_1_323' title='bbox 839 2334 1063 2385; x_wconf 85' lang='grc' dir='ltr'>ἀλώβητος.</span> 
     </span>
    </p>

    <p class='ocr_par' dir='ltr' id='par_1_5' title="bbox 92 2400 1622 2606">
     <span class='ocr_line' id='line_1_33' title="bbox 148 2400 1620 2455; baseline -0.001 -11"><span class='ocrx_word' id='word_1_324' title='bbox 148 2402 223 2447; x_wconf 68' lang='grc' dir='ltr'>“Ως</span> <span class='ocrx_word' id='word_1_325' title='bbox 244 2402 292 2444; x_wconf 86' lang='grc' dir='ltr'>ἂν</span> <span class='ocrx_word' id='word_1_326' title='bbox 312 2405 354 2443; x_wconf 82' lang='grc' dir='ltr'>δὲ</span> <span class='ocrx_word' id='word_1_327' title='bbox 376 2402 438 2443; x_wconf 86' lang='grc' dir='ltr'>καὶ</span> <span class='ocrx_word' id='word_1_328' title='bbox 465 2402 528 2444; x_wconf 87' lang='grc' dir='ltr'>ἐπὶ</span> <span class='ocrx_word' id='word_1_329' title='bbox 552 2406 630 2443; x_wconf 86' lang='grc' dir='ltr'>τῶν</span> <span class='ocrx_word' id='word_1_330' title='bbox 657 2400 897 2455; x_wconf 87' lang='grc' dir='ltr'>πραγμάτων</span> <span class='ocrx_word' id='word_1_331' title='bbox 917 2402 1043 2453; x_wconf 86' lang='grc' dir='ltr'>ἀληθῆ</span> <span class='ocrx_word' id='word_1_332' title='bbox 1068 2404 1192 2442; x_wconf 87' lang='grc' dir='ltr'>ταῦτα</span> <span class='ocrx_word' id='word_1_333' title='bbox 1214 2400 1314 2443; x_wconf 80' lang='grc' dir='ltr'>εἶναι</span> <span class='ocrx_word' id='word_1_334' title='bbox 1335 2401 1620 2453; x_wconf 87' lang='grc' dir='ltr'>πιστεύσωμεν,</span> 
     </span>
     <span class='ocr_line' id='line_1_34' title="bbox 92 2468 1622 2525; baseline -0.001 -12"><span class='ocrx_word' id='word_1_335' title='bbox 92 2471 209 2514; x_wconf 79' lang='grc' dir='ltr'>αὐτὸν</span> <span class='ocrx_word' id='word_1_336' title='bbox 229 2470 503 2525; x_wconf 87' lang='grc' dir='ltr'>παραθήσομαι</span> <span class='ocrx_word' id='word_1_337' title='bbox 523 2470 594 2512; x_wconf 90' lang='grc' dir='ltr'>τὸν</span> <span class='ocrx_word' id='word_1_338' title='bbox 614 2471 820 2523; x_wconf 87' lang='grc' dir='ltr'>Σιβύλλης</span> <span class='ocrx_word' id='word_1_339' title='bbox 839 2470 1033 2525; x_wconf 84' lang='grc' dir='ltr'>χρησμόν,</span> <span class='ocrx_word' id='word_1_340' title='bbox 1049 2469 1121 2522; x_wconf 90' lang='grc' dir='ltr'>ἤδη</span> <span class='ocrx_word' id='word_1_341' title='bbox 1143 2468 1218 2523; x_wconf 86' lang='grc' dir='ltr'>πρὸ</span> <span class='ocrx_word' id='word_1_342' title='bbox 1238 2470 1345 2522; x_wconf 84' lang='grc' dir='ltr'>ἡμῶν</span> <span class='ocrx_word' id='word_1_343' title='bbox 1366 2468 1456 2523; x_wconf 86' lang='grc' dir='ltr'>παρ’</span> <span class='ocrx_word' id='word_1_344' title='bbox 1479 2469 1622 2523; x_wconf 86' lang='grc' dir='ltr'>ἑτέρων</span> 
     </span>
     <span class='ocr_line' id='line_1_35' title="bbox 93 2540 371 2606; baseline -0.004 -25"><span class='ocrx_word' id='word_1_345' title='bbox 93 2540 371 2606; x_wconf 65' lang='grc' dir='ltr'>ἆνενηγμένον·</span> 
     </span>
    </p>
   </div>
   <div class='ocr_carea' id='block_1_3' title="bbox 320 2673 1423 2935">
    <p class='ocr_par' dir='ltr' id='par_1_6' title="bbox 320 2673 1423 2935">
     <span class='ocr_line' id='line_1_36' title="bbox 320 2673 1370 2731; baseline -0.001 -15"><span class='ocrx_word' id='word_1_346' title='bbox 320 2674 440 2716; x_wconf 87' lang='grc' dir='ltr'>Ἀλλ’</span> <span class='ocrx_word' id='word_1_347' title='bbox 470 2675 618 2716; x_wconf 87' lang='grc' dir='ltr'>ὁπόταν</span> <span class='ocrx_word' id='word_1_348' title='bbox 647 2673 836 2726; x_wconf 87' lang='grc' dir='ltr'>μήκιστος</span> <span class='ocrx_word' id='word_1_349' title='bbox 864 2674 927 2731; x_wconf 81' lang='grc' dir='ltr'>ἵκῃ</span> <span class='ocrx_word' id='word_1_350' title='bbox 957 2674 1100 2728; x_wconf 85' lang='grc' dir='ltr'>χρόνος</span> <span class='ocrx_word' id='word_1_351' title='bbox 1130 2674 1370 2727; x_wconf 90' lang='grc' dir='ltr'>ἀνθρώποισι</span> 
     </span>
     <span class='ocr_line' id='line_1_37' title="bbox 321 2742 1330 2796; baseline -0.002 -11"><span class='ocrx_word' id='word_1_352' title='bbox 321 2747 443 2796; x_wconf 88' lang='grc' dir='ltr'>Ζωῆς,</span> <span class='ocrx_word' id='word_1_353' title='bbox 476 2745 530 2787; x_wconf 87' lang='grc' dir='ltr'>εἷς</span> <span class='ocrx_word' id='word_1_354' title='bbox 562 2742 679 2784; x_wconf 88' lang='grc' dir='ltr'>ἐτέων</span> <span class='ocrx_word' id='word_1_355' title='bbox 711 2743 851 2784; x_wconf 82' lang='grc' dir='ltr'>ἑκατὸν</span> <span class='ocrx_word' id='word_1_356' title='bbox 881 2742 972 2784; x_wconf 88' lang='grc' dir='ltr'>δέκα</span> <span class='ocrx_word' id='word_1_357' title='bbox 1003 2743 1144 2785; x_wconf 86' lang='grc' dir='ltr'>κύκλον</span> <span class='ocrx_word' id='word_1_358' title='bbox 1174 2743 1330 2793; x_wconf 82' lang='grc' dir='ltr'>ὁδεύων,</span> 
     </span>
     <span class='ocr_line' id='line_1_38' title="bbox 323 2810 1423 2864; baseline -0.001 -11"><span class='ocrx_word' id='word_1_359' title='bbox 323 2810 515 2864; x_wconf 86' lang='grc' dir='ltr'>Μέμνησ’,</span> <span class='ocrx_word' id='word_1_360' title='bbox 548 2810 578 2852; x_wconf 68' lang='grc' dir='ltr'><em>ὦ</em></span> <span class='ocrx_word' id='word_1_361' title='bbox 607 2810 787 2864; x_wconf 81' lang='grc' dir='ltr'>Ῥωμαῖε,</span> <span class='ocrx_word' id='word_1_362' title='bbox 819 2812 883 2853; x_wconf 88' lang='grc' dir='ltr'>καὶ</span> <span class='ocrx_word' id='word_1_363' title='bbox 913 2811 957 2853; x_wconf 81' lang='grc' dir='ltr'>οὗ</span> <span class='ocrx_word' id='word_1_364' title='bbox 986 2811 1095 2863; x_wconf 85' lang='grc' dir='ltr'>μάλα</span> <span class='ocrx_word' id='word_1_365' title='bbox 1124 2810 1269 2863; x_wconf 90' lang='grc' dir='ltr'>λήσεαι</span> <span class='ocrx_word' id='word_1_366' title='bbox 1294 2811 1423 2852; x_wconf 82' lang='grc' dir='ltr'>αὐτῶν</span> 
     </span>
     <span class='ocr_line' id='line_1_39' title="bbox 323 2876 1422 2935; baseline -0.002 -13"><span class='ocrx_word' id='word_1_367' title='bbox 323 2883 559 2935; x_wconf 91' lang='grc' dir='ltr'>Μεμνῆσθαι</span> <span class='ocrx_word' id='word_1_368' title='bbox 589 2882 681 2923; x_wconf 88' lang='grc' dir='ltr'>τάδε</span> <span class='ocrx_word' id='word_1_369' title='bbox 710 2879 850 2923; x_wconf 89' lang='grc' dir='ltr'>πάντα.</span> <span class='ocrx_word' id='word_1_370' title='bbox 912 2883 1055 2923; x_wconf 88' lang='grc' dir='ltr'>Θεοῖσι</span> <span class='ocrx_word' id='word_1_371' title='bbox 1082 2881 1157 2933; x_wconf 82' lang='grc' dir='ltr'>μὲν</span> <span class='ocrx_word' id='word_1_372' title='bbox 1188 2876 1422 2922; x_wconf 79' lang='grc' dir='ltr'>ἀθανάτοισι</span> 
     </span>
    </p>
   </div>
  </div>
 </body>
</html>
