1896 3146
196 188 278 244 358

664 183 943 228 HORATII
985 183 1247 227 EPODON

672 449 678 454 ’
720 472 997 534 EPoDE
1054 484 1182 533 XII.

775 613 1135 646 Metre—Alcmanium.

306 695 441 750 QUID
471 693 550 736 tibi
579 693 656 744 vis,
686 692 841 733 mulier
870 692 1003 746 nigris
1033 691 1290 745 dignissima
1318 690 1485 734 barris?

363 764 547 805 Munera
576 762 680 816 quid
712 761 820 802 mihi
851 761 1013 815 quidve
1042 760 1228 802 tabellas

306 832 450 874 Mittis
480 845 559 873 nec
590 831 716 872 firmo
747 830 890 872 iuveni
921 843 1064 884 neque
1093 829 1210 871 naris
1238 827 1430 872 obesae?

362 901 568 954 Namque
598 899 797 953 sagacius
827 913 940 940 unus
969 898 1141 950 odoror,

306 969 500 1023 Polypus
530 982 586 1009 an
616 968 761 1022 gravis
790 967 966 1008 hirsutis
997 967 1128 1009 cubet
1157 966 1304 1009 hircus
1334 966 1379 1008 in
1409 966 1503 1019 alis,
1552 1018 1554 1021 .

362 1038 510 1092 Quam
542 1038 659 1079 canis
688 1050 799 1087 acer,
829 1036 904 1077 ubi
934 1036 1071 1078 lateat
1101 1049 1186 1078 sus.

306 1106 394 1161 Qui
424 1106 558 1147 sudor
586 1105 711 1147 vietis
742 1111 786 1147 et
816 1119 950 1159 quarn
981 1105 1124 1146 malus
1154 1104 1348 1159 undique
1379 1104 1588 1147 membris

363 1174 528 1217 Crescit
558 1175 677 1225 odor,
708 1188 808 1216 cum
838 1187 952 1228 pene
981 1173 1128 1215 soluto

306 1244 576 1285 Indomitam
606 1249 812 1297 properat
842 1243 1008 1284 rabiem
1038 1243 1220 1294 sedare3
1262 1256 1404 1297 neque
1433 1242 1496 1284 illi
1549 1292 1552 1294 q

362 1313 458 1354 Iam
489 1318 637 1353 manet
666 1311 849 1353 humida
878 1318 998 1354 creta
1027 1311 1233 1366 colorque

305 1381 506 1423 Stercore
535 1381 705 1422 fucatus
735 1381 951 1433 crocodili,
982 1381 1158 1435 iamque
1188 1381 1389 1422 subando

360 1449 504 1491 Tenta
533 1449 693 1491 cubilia
722 1455 926 1504 tectaque
956 1447 1141 1504 rumpit!

303 1519 387 1561 Vel
419 1533 517 1560 mea
547 1533 646 1560 cum
676 1520 817 1560 saevis
847 1519 988 1573 agitat
1018 1518 1195 1560 fastidia
1222 1517 1393 1560 verbis:

364 1588 541 1629 Inachia
570 1588 752 1642 langues
783 1589 928 1630 minus
958 1602 1010 1630 ac
1041 1601 1139 1638 me3

306 1656 530 1698 Inachiam
560 1663 628 1698 ter
658 1663 788 1699 nocte
817 1664 955 1711 potes,
986 1657 1093 1698 mihi
1124 1669 1298 1710 semper
1325 1656 1383 1697 ad
1413 1669 1550 1697 unum

362 1725 511 1767 Mollis
541 1739 664 1779 opus.
724 1726 880 1768 Pereat
911 1725 1038 1776 male,
1065 1739 1180 1779 quae
1209 1731 1256 1767 te

303 1794 466 1835 Lesbia
496 1795 723 1848 quaerenti
754 1801 928 1837 taurum
958 1794 1218 1836 monstravit
1248 1793 1446 1844 inertem,

362 1862 474 1904 Cum
506 1863 611 1904 mihi
644 1863 763 1906 Cous
793 1865 968 1906 adesset
998 1864 1237 1918 Amyntas,

306 1931 440 1974 Cuius
470 1932 514 1973 in
543 1932 759 1974 indomito
789 1933 1061 1975 constantior
1085 1933 1268 1987 inguine
1299 1945 1455 1973 nervus

362 2000 508 2054 Quam
539 2014 652 2043 nova
682 2001 865 2043 collibus
895 2002 1025 2043 arbor
1053 2001 1263 2043 inhaeret.

304 2070 542 2112 Muricibus
572 2071 718 2125 Tyriis
749 2072 932 2114 iteratae
962 2072 1125 2114 vellera
1154 2072 1282 2113 lanae
1330 2096 1336 2101 -
1417 2083 1420 2085 ’

363 2138 445 2181 Cui
475 2140 848 2194 properabantur?
908 2141 1011 2182 Tibi
1043 2155 1214 2196 nempe,
1349 2135 1355 2139 ³

303 2208 375 2249 Ne
403 2207 515 2249 soret
544 2209 749 2262 aequales
778 2211 892 2252 inter
920 2211 1114 2262 conviva,
1145 2210 1285 2265 magis
1316 2223 1449 2265 quem

362 2277 574 2331 Diligeret
605 2279 762 2321 mulier
791 2293 869 2321 sua
900 2294 1034 2333 quam
1065 2287 1122 2323 te.

306 2345 346 2387 O
378 2359 459 2399 ego
490 2360 576 2387 non
607 2346 725 2398 felix,
755 2362 889 2402 quam
919 2355 967 2390 tu
998 2349 1123 2403 fugis,
1154 2356 1203 2392 ut
1233 2355 1365 2404 pavet
1393 2361 1516 2391 acres

361 2413 494 2468 Agna
524 2415 650 2470 lupos
679 2411 948 2471 capreaeque
978 2417 1150 2461 leones!

1678 1330 1718 1352 10

1676 2015 1717 2037 20
