1896 3146
694 402 1084 451 APPENDIX
1138 402 1227 451 IV.

197 557 401 614 ODES‚
430 554 739 604 CARMEN
780 540 1188 612 SECULARE,
1215 553 1378 601 AND
1407 553 1711 602 EPODES.

350 682 716 728 COLLATION
759 682 841 725 OF
883 681 982 725 MS.
1028 682 1097 724 IN
1119 682 1430 747 ³LIBRARY
1476 682 1557 727 OF

479 768 753 826 QUEEN’S
802 767 1108 820 COLLEGE,
1150 768 1430 812 OXFORD.

582 872 590 885 ‘
601 866 719 899 Seculo
735 866 862 900 decimo
878 866 1100 908 conscriptum
1116 870 1154 898 ut
1169 865 1318 900 videtur?

1190 919 1286 960 (Note
1301 929 1340 950 on
1347 918 1504 961 fly-leas.)

236 1079 341 1112 CCII.
386 1077 496 1110 Codex
517 1077 789 1112 membranaceus,
805 1075 838 1107 in
860 1074 978 1116 4to,ff.
999 1073 1072 1112 161,
1088 1085 1150 1108 sec.
1168 1075 1278 1108 forsan
1300 1075 1333 1107 X
1356 1075 1507 1114 ineuntis,
1522 1076 1605 1109 bene
1626 1086 1721 1109 exar-

196 1137 267 1163 atus
289 1135 321 1162 et
344 1134 506 1168 servatus;
536 1140 575 1161 ex
598 1129 685 1160 dono
708 1127 842 1170 Joannis
865 1126 974 1164 Luidi,
993 1136 1031 1158 12
1056 1127 1144 1160 Nov.
1164 1136 1260 1169 1595.
1305 1127 1422 1170 Quinti
1446 1128 1582 1161 Horatii
1605 1128 1719 1161 Flacci

196 1193 302 1225 opera,
316 1182 466 1224 glossulis
480 1180 714 1223 marginalibus
726 1179 1050 1221 interlinearibusque
1065 1179 1243 1219 instructa;
1265 1180 1399 1218 scilieet,
1639 1187 1641 1189 ·

285 1244 311 1267 1.
335 1234 524 1266 Carminum
546 1233 621 1264 libri
643 1233 684 1268 iv,
702 1230 900 1273 argumentis
922 1230 1086 1268 illustrati,
1102 1231 1159 1264 fol.
1175 1242 1207 1274 4.
1253 1231 1320 1264 Tit.
1338 1237 1346 1250 ⁸
1359 1231 1495 1264 Horatii
1518 1231 1631 1264 Flacci
1653 1232 1720 1265 Ca-

406 1285 530 1317 minum
547 1284 624 1327 [sic]
642 1284 724 1315 liber
739 1283 750 1314 i
765 1282 899 1324 incipit.’
944 1283 1048 1325 Incip.
1065 1283 1166 1325 gloss.
1181 1287 1190 1301 ⁶
1201 1284 1240 1315 In
1255 1283 1320 1316 hac
1334 1283 1395 1315 ὦδε
1412 1284 1619 1317 Mecenatem
1633 1284 1716 1317 allo·

408 1337 518 1379 quitur
533 1335 676 1368 indicans
692 1335 794 1366 alium
810 1334 897 1366 alio!

284 1399 311 1421 2.
335 1389 388 1421 De
410 1390 490 1420 Arte
513 1388 655 1424 Poetica‚
678 1387 735 1419 fol.
761 1386 802 1428 65
823 1387 856 1418 b.
912 1386 1016 1428 Incip.
1043 1386 1143 1428 gloss.
1169 1387 1306 1419 ‘Artem
1335 1387 1500 1430 poeticam
1522 1391 1719 1420 tractaturus

411 1440 543 1472 Oratius
566 1439 677 1471 ordine
700 1437 864 1480 congruo?
910 1439 949 1470 In
972 1438 1072 1476 calce,
1097 1441 1106 1456 ‘
1119 1438 1255 1471 Horatii
1278 1439 1391 1471 Flacci
1420 1439 1462 1471 de
1491 1445 1561 1472 arte
1589 1439 1720 1482 poetica
1790 1448 1793 1454 ’

409 1492 561 1534 explicit.'

285 1553 313 1585 3.
337 1544 475 1585 Epodon
491 1543 581 1580 liber,
597 1553 671 1574 cum
687 1541 886 1584 argumentis
901 1541 1083 1579 rubricatis,
1099 1541 1157 1574 ubi
1171 1546 1306 1575 notatur
1320 1542 1361 1575 de
1374 1542 1501 1583 Metn's‚
1515 1547 1576 1576 etc.
1592 1542 1650 1577 fol.
1667 1549 1718 1585 75.

409 1595 475 1627 Tit.
500 1594 639 1636 ‘Incipit
662 1594 803 1636 Epodon
834 1594 877 1625 ad
908 1592 1099 1626 Mecenate.‘
1146 1594 1250 1636 Incip.
1275 1593 1386 1626 Schol.
1409 1594 1580 1637 ‘Epodon,
1601 1594 1637 1626 id
1660 1599 1720 1631 est,

410 1647 485 1688 ep1.'

284 1709 315 1740 4.
338 1699 475 1731 Carmen
491 1697 651 1734 Seculare,
667 1697 724 1731 fol.
742 1698 782 1729 88
799 1697 832 1730 b.
878 1697 982 1739 Incip.
999 1696 1109 1730 Schol.
1126 1700 1134 1714 ‘
1147 1697 1226 1730 Hoc
1240 1707 1370 1730 carmen
1384 1697 1528 1730 seculare
1543 1696 1686 1743 dicitur!-

283 1761 312 1792 5.
335 1750 524 1782 Sermonum
546 1749 621 1781 libri
643 1749 720 1786 duo,
736 1749 792 1781 fol.
811 1759 864 1791 90.
909 1750 976 1781 Tit.
992 1754 1000 1768 ⁸
1013 1749 1134 1791 Incipit
1156 1759 1342 1781 sermonum
1363 1749 1448 1781 liber
1468 1749 1481 1781 i
1503 1749 1547 1781 ad
1569 1750 1720 1782 Mecena-

410 1802 496 1833 tem.'
540 1801 642 1842 Incip.
658 1800 768 1834 Schol.
785 1805 793 1818 ‘
805 1801 874 1833 Hic
895 1801 979 1834 liber
1001 1801 1043 1833 de
1065 1801 1268 1833 sermonibus
1289 1800 1487 1840 intitulatur,
1505 1805 1524 1819 ‘⁶
1535 1801 1613 1844 quia
1627 1811 1720 1843 prae-

411 1853 552 1885 sentibus
566 1852 741 1894 loquitur.'’
753 1852 762 1866 '

283 1904 314 1937 6.
336 1904 557 1946 Epistolarum
572 1904 647 1935 libri
662 1904 738 1940 duo,
755 1904 811 1937 fol.
832 1914 891 1945 132
909 1904 942 1936 b.
989 1904 1093 1946 Incip.
1109 1903 1219 1937 Schol.
1236 1915 1320 1936 man.
1335 1915 1391 1937 sec.
1406 1909 1415 1923 ‘
1427 1904 1540 1936 Flacci
1561 1904 1718 1947 epistola-

410 1956 502 1988 rum.¹
547 1956 584 1987 In
600 1955 697 1992 calce,
716 1959 724 1973 ‘
734 1956 878 1998 Explicit
893 1956 987 1989 liber.
1031 1956 1154 1998 Incipit
1170 1955 1303 1998 pastus?

243 2008 336 2049 (Rev.
348 2007 395 2039 H.
406 2007 447 2040 0.
459 2006 576 2039 Coxe's
590 2007 787 2049 ‘Catalogus
803 2007 966 2040 Codicum
982 2007 1077 2041 MSS.
1089 2008 1146 2051 qui
1161 2008 1194 2040 in
1209 2007 1369 2050 collegiis
1383 2007 1542 2051 Aulisque
1557 2007 1720 2042 oxonien-

199 2060 285 2091 sibus
299 2059 397 2091 hodie
410 2059 639 2095 adservantur,’
658 2060 768 2101 1852.)
1415 2086 1418 2089 .

240 2110 313 2144 The
328 2110 399 2144 MS.
414 2110 441 2143 is
455 2120 531 2143 now
544 2111 721 2143 numbered
737 2112 763 2143 P
782 2121 811 2144 2.

855 2284 1060 2344 [ODES.

814 2376 847 2414 B
861 2376 1002 2416 OOK
1043 2373 1094 2431 1.]

920 2455 995 2512 [L]

255 2536 352 2575 Line
385 2550 416 2575 1.
445 2537 609 2578 Mcenas
624 2538 648 2578 ¹.
815 2553 848 2578 2.
877 2539 915 2579 O
943 2547 981 2579 et
1019 2540 1232 2591 presidium
1270 2539 1381 2579 dulce
1420 2539 1539 2579 decus
1578 2551 1721 2579 meum.

205 2604 238 2640 3.
259 2590 491 2641 olimpicum.
579 2594 616 2630 6.
637 2592 796 2632 addeos.
896 2604 930 2644 7.
951 2595 1170 2634 sinobilium
1189 2596 1302 2634 turba
1320 2594 1516 2645 quiritium
1535 2592 1575 2645 (l.
1596 2594 1723 2632 mobi-

201 2646 295 2683 lium
313 2656 366 2683 on
383 2644 562 2697 margin).
633 2660 667 2696 9.
688 2648 880 2699 siproprio
897 2677 905 2687 .
924 2678 932 2687 .
949 2677 957 2686 .
975 2661 1099 2688 orreo.
1171 2662 1231 2688 10.
1248 2649 1431 2688 delibicis.
1493 2661 1556 2689 12.
1574 2648 1722 2688 atalicis

246 2758 257 2777 ¹
279 2771 296 2789 u
313 2760 339 2791 is
354 2761 479 2794 written
495 2762 699 2804 throughout
714 2762 764 2795 for
778 2774 806 2802 v,
823 2774 859 2795 as
875 2768 883 2781 ⁴
894 2764 1022 2801 atauis‚'
1038 2764 1098 2796 but
1114 2763 1180 2796 this
1193 2764 1357 2797 variation
1372 2763 1400 2797 is
1414 2768 1474 2797 not
1488 2763 1602 2796 shown
1617 2763 1650 2796 in
1666 2764 1724 2797 the

205 2802 379 2835 Collation.
426 2815 441 2835 e
456 2805 483 2836 is
498 2805 622 2837 written
645 2805 677 2837 in
697 2806 817 2839 almost
837 2807 883 2839 all
898 2817 987 2839 cases
1002 2807 1052 2839 for
1067 2819 1112 2847 ae,
1129 2808 1190 2840 but
1202 2818 1223 2839 a
1237 2807 1424 2840 distinctive
1439 2807 1533 2840 mark
1548 2808 1577 2840 is
1591 2808 1723 2850 usually

204 2845 310 2876 added
325 2846 416 2895 {when
439 2847 493 2879 the
515 2848 698 2890 diphthong
712 2849 740 2881 is
755 2850 915 2886 intended,
929 2850 1069 2893 perhaps
1084 2851 1129 2893 by
1144 2862 1165 2883 a
1179 2851 1263 2884 later
1275 2851 1376 2884 hand.
1422 2851 1496 2884 The
1515 2851 1677 2884 variation
1692 2851 1721 2884 is

205 2887 315 2919 shown
332 2899 363 2920 in
379 2890 434 2922 the
450 2891 616 2923 Collation
633 2892 708 2934 only
717 2892 816 2928 „when
832 2893 896 2926 this
911 2894 1006 2926 mark
1022 2895 1050 2926 is
1064 2895 1189 2928 absent.
