1896 3146
559 146 832 203 QUEEN’S
875 147 1170 191 COLLEGE
1209 148 1307 190 MS.
1614 150 1700 199 405

874 268 997 324 [XV.]

135 391 138 393 ,
226 350 325 390 Line
346 360 382 400 5.
401 352 537 391 retulit.
758 363 793 401 7.
814 352 986 402 Direpta.
1206 364 1263 389 10.
1287 351 1453 390 Rectum
1472 357 1511 389 et
1529 351 1696 401 uaganti.

178 416 235 454 13.
258 405 393 444 italiae.
523 418 581 454 14.
601 405 761 456 imperii.
889 408 948 443 18.
970 405 1125 444 eximet.
1265 418 1325 454 23.
1346 417 1423 443 om.
1443 417 1504 452 ue,
1523 405 1648 443 which
1666 405 1699 443 is

173 459 350 508 supplied
369 461 503 498 above.
684 462 746 498 26.
767 460 873 498 Inter
889 460 1003 510 jocos
1024 458 1131 511 (here
1151 471 1174 497 a
1193 458 1304 497 letter
1322 458 1393 497 has
1411 459 1514 497 been
1533 457 1698 510 erased).

175 514 236 551 28.
256 513 461 563 adprecati.
576 526 636 563 29.
659 513 811 552 furetos.

224 606 350 662 [Here
365 611 523 658 follows,
540 611 700 649 without
713 617 889 662 separate
908 610 1088 660 heading,
1105 609 1168 648 the
1189 608 1285 647 ‘Ars
1306 608 1489 656 Poetica:
1504 608 1696 659 complete

171 669 212 701 to
233 667 242 684 ‘
255 661 435 717 hirudo.’]

227 727 405 767 HORATII
432 729 577 768 FLAcm
605 741 656 767 DE
684 729 798 767 ARTE
826 729 1002 768 Pomm
1029 739 1219 767 EXPLICIT.
1278 727 1425 766 Incm'r
1453 726 1617 766 Epopon
1645 739 1697 765 AD

172 793 434 832 MEGENATEM.
493 793 674 833 METRUM
715 806 909 833 IAMBICUM
948 805 1126 839 DICOLON,
1156 804 1297 830 Perus
1324 803 1467 830 VERSUS
1500 803 1570 830 EST
1604 803 1697 830 EXA-

173 870 306 897 METER
335 871 419 898 SIVE
445 871 621 898 DIMETER
650 872 718 904 QUI
745 872 796 898 ET
824 859 979 898 EPODOS
1008 870 1166 898 DICITUR
1195 870 1235 896 ID
1254 869 1325 896 EST
1344 869 1422 896 UNO
1443 869 1539 895 PEDE
1559 868 1696 895 MINOR.

754 1253 814 1312 [E
830 1255 862 1295 P
878 1254 918 1297 O
934 1255 977 1296 D
995 1254 1034 1296 E
1054 1251 1119 1311 S.]

894 1388 970 1444 [L]

226 1491 323 1529 Line
344 1504 379 1538 4.
399 1490 596 1530 Mecenas.
738 1499 773 1538 5.
790 1501 868 1528 om.
888 1490 931 1530 si.
1072 1491 1107 1529 6.
1127 1490 1316 1541 Jocunda.
1463 1504 1522 1530 12.
1544 1504 1696 1531 erasure

171 1545 304 1583 before
324 1551 372 1582 et.
475 1557 534 1593 13.
555 1555 634 1582 om.
654 1556 789 1595 usque,
811 1543 935 1582 which
955 1543 987 1582 is
1007 1544 1185 1594 supplied
1204 1545 1338 1583 above.
1440 1555 1498 1593 15.
1515 1546 1695 1585 laborem.

175 1611 235 1637 21.
255 1599 347 1636 assit
368 1599 506 1636 auxilii.
633 1611 694 1636 22.
714 1598 969 1647 presentibus.
1094 1610 1157 1647 30.
1179 1597 1325 1637 Circea.
1438 1612 1499 1648 31.
1520 1611 1597 1637 om.
1620 1612 1694 1638 me.

175 1665 236 1701 34.
256 1658 298 1690 ut
318 1652 497 1703 supplied
516 1652 639 1690 above
658 1652 793 1690 before
813 1663 949 1701 nepos.

191 1775 286 1831 [IL]
306 1778 443 1817 Vr'rAM
461 1777 751 1817 AGR100LARUM
771 1789 905 1817 SUMMA
925 1790 1267 1823 TRANQUILLITATE
1287 1791 1422 1818 RERUM
1442 1792 1679 1820 EXORNATAM

798 1855 1074 1887 PERSEQUITUR.

226 1925 324 1963 Line
347 1938 382 1973 3.
403 1925 540 1963 bubus.
836 1934 870 1973 5.
893 1925 1081 1963 excitatur
1100 1924 1271 1977 (erasure
1290 1926 1464 1965 between
1482 1939 1535 1965 ex
1553 1927 1631 1966 and
1649 1926 1695 1979 c).

176 1982 236 2018 18.
256 1985 474 2017 autumnus.
590 1991 651 2017 22.
673 1978 763 2017 here
783 1978 931 2017 follows
953 1991 976 2016 a
994 1980 1121 2018 rubric
1142 1979 1235 2032 (like
1255 1980 1319 2018 the
1339 1979 1569 2032 headings):

578 2043 771 2082 ‘Metrum
799 2043 840 2082 id
868 2044 996 2093 ipsum
1025 2044 1133 2094 quod
1161 2045 1303 2095 supra.'

173 2117 234 2158 27.
253 2108 420 2159 limphis.
535 2110 594 2146 28.
618 2120 790 2155 somnos,
812 2114 882 2146 etc.
901 2107 1097 2160 (omittedz
1119 2109 1297 2159 supplied
1316 2110 1367 2160 by
1383 2110 1545 2148 another
1563 2109 1698 2162 hand).

172 2176 235 2213 31.
255 2163 363 2200 acris.
498 2175 563 2209 42.
582 2162 759 2212 pernicis,
781 2169 852 2200 etc.
875 2160 1076 2213 (omittedz
1107 2163 1286 2212 supplied
1306 2164 1356 2213 by
1376 2164 1539 2202 another
1557 2163 1695 2216 hand).

172 2226 235 2265 45.
265 2216 387 2262 Lassi,
417 2221 487 2254 etc.
533 2214 710 2267 (omitted
729 2229 736 2253 :
783 2216 960 2266 supplied
1002 2217 1053 2266 by
1081 2217 1244 2254 another
1285 2217 1392 2256 hand
1433 2218 1474 2255 in
1515 2217 1695 2270 margin).

173 2279 236 2319 47.
258 2281 365 2308 orna.
397 2293 402 2295 -
546 2281 608 2318 49.
630 2269 830 2308 conchilia.
1014 2279 1076 2317 52.
1098 2270 1277 2320 Hiemps.
1462 2280 1523 2319 54.
1544 2278 1695 2322 atagen.

172 2322 476 2377 55.Jocundior.
590 2332 653 2372 59.
674 2323 779 2362 edus.
892 2325 953 2362 62.
974 2324 1228 2373 properantis.
1343 2325 1408 2373 63.
1429 2324 1598 2363 innisum.

169 2462 280 2520 [HL]
308 2464 551 2505 EXECRATUR
579 2477 685 2509 QUOD
715 2477 816 2504 APUD
845 2464 1098 2504 MEGENATEM
1127 2478 1277 2504 ALLIUM
1305 2478 1461 2505 EDERAT
1489 2479 1541 2507 ET
1571 2480 1693 2507 AESTU

549 2542 792 2576 TORQUEBAT.
849 2530 1031 2570 METRUM
1060 2543 1164 2575 QUOD
1192 2543 1324 2570 SUPRA.

225 2612 322 2651 Line
346 2625 405 2662 13.
426 2611 587 2663 pelicen.
701 2622 760 2662 15.
781 2603 967 2663 umquam
987 2613 1179 2663 syderum.

886 2759 991 2816 [Ν]

225 2843 322 2881 Line
346 2855 378 2882 2.
398 2843 527 2882 michi.
639 2853 673 2892 7.
695 2844 916 2884 mentiente.
